4694 6286
1258 325 1279 391 t

1165 417 1371 430 Ἣ

317 527 374 587 dus
406 528 437 585 in
470 527 565 587 aciem
596 526 722 602 prodiit,
762 528 811 601 qui
850 528 1041 599 epistularum
1079 526 1242 587 Latinitate
1291 542 1382 601 opere
1405 528 1520 601 singula
1549 544 1568 587 a
1596 526 1747 587 Ciceronis
1776 526 1893 587 dicendi
1915 545 1971 589 usn
1992 531 2144 605 recedant,
2171 532 2218 591 iu·

318 632 515 691 examinanda
546 631 674 705 aliquam
704 631 822 705 palmae
854 639 969 705 partem
1003 630 1058 689 sibi
1090 629 1241 689 uindicare
1290 624 1486 703 tellegatur.¹)

318 732 439 793 studuit.
473 734 647 808 Composita
666 734 704 793 lis
721 733 875 793 videbatur
895 750 963 793 esse
981 749 1144 807 omnesque
1166 740 1241 791 tam·
1376 730 1477 791 Habes
1512 739 1580 792 ants
1611 732 1714 792 oculos
1743 747 1796 792 eos
1826 733 1896 793 dum
1929 740 2013 795 taust
2038 736 2132 809 viros,
2165 736 2218 811 qui

317 854 406 909 qnam
437 832 668 911 disputationum
698 837 811 911 laqueis
841 838 948 896 irretiti
967 836 1131 909 Anglorum
1160 834 1241 893 dicto
1291 832 1402 906 aliquid
1422 835 1573 909 peculiare
1596 836 1785 895 contulerunt
1811 836 1850 895 ad
1879 837 2084 909 quaestionem
2103 853 2216 913 propo·

319 940 474 999 audientes
510 947 603 1000 eraut.
659 939 742 999 Tunc
775 940 873 998 extitit
903 940 936 997 C.
970 938 1019 997 Fr.
1053 938 1241 996 Hermaunns
1291 936 1392 994 sitam:
1415 953 1493 994 rrutrc
1515 936 1584 995 mibi
1606 936 1696 995 liceat
1717 938 1806 996 etiam
1828 954 1882 997 eos
1901 955 2143 1013 commemorare,
2165 940 2217 1014 qui

317 1040 405 1101 iacile
437 1043 577 1116 princeps
611 1058 732 1117 corum,
773 1044 823 1115 qui
855 1040 952 1101 adbuc
984 1046 1242 1115 pertractaverunt
1289 1037 1320 1097 in
1351 1048 1525 1099 transcursu
1557 1039 1612 1099 has
1646 1040 1788 1113 epistulas
1821 1048 1979 1114 tangentes
2012 1048 2044 1101 et
2074 1042 2217 1103 iudicium

317 1142 457 1205 Brutiuas
486 1144 638 1220 epistulas,
666 1151 698 1205 et
727 1152 760 1204 nt
789 1145 827 1204 de
855 1145 934 1203 onrni
968 1142 1161 1217 antiquitate,
1197 1142 1240 1200 sic
1290 1158 1375 1201 suum
1405 1141 1606 1217 significantes
1633 1144 1732 1217 potins
1761 1160 1849 1216 quam
1872 1144 2053 1217 explicantes
2074 1146 2141 1219 ipso
2162 1162 2216 1206 no-

317 1248 406 1307 ctiam
427 1247 478 1308 de
505 1248 551 1307 his
578 1265 687 1321 nragna
714 1246 769 1305 sibi
797 1246 980 1320 comper-avit
1007 1247 1112 1304 menta
1134 1254 1166 1303 ct
1187 1244 1240 1303 ad·
1289 1245 1366 1303 mine
1395 1250 1427 1303 et
1453 1246 1632 1305 auctoritate
1661 1245 1788 1317 aliquam
1815 1247 1873 1304 tim
1895 1245 2007 1305 habeut
2029 1252 2118 1321 atquc
2140 1264 2215 1323 pou·

317 1350 461 1410 miranda.
506 1350 588 1423 Quae
616 1350 693 1411 enirn
722 1358 828 1409 contra
846 1350 959 1423 anglos
986 1350 1087 1422 posuit
1107 1347 1137 1407 iu
1160 1363 1240 1406 com·
1289 1345 1354 1406 dus.
1388 1344 1483 1405 Valde
1506 1356 1605 1407 autem
1628 1347 1818 1407 memorabile
1841 1353 1886 1407 est
1908 1348 1964 1406 bos
1981 1348 2044 1408 t'erc
2057 1365 2216 1410 omnes-

316 1454 497 1513 mentatione
525 1470 596 1513 sua:
643 1452 722 1526 „zar
748 1451 991 1524 Bachticrtiguug
1019 1449 1074 1511 der
1100 1448 1241 1509 Ecbtlneit
1289 1449 1369 1523 quod
1398 1449 1534 1525 equidem
1564 1450 1656 1510 seiam
1677 1450 1772 1509 -iu
1805 1450 1950 1509 Tuustalli
1983 1452 2132 1512 sententia
2163 1468 2214 1513 ac·

318 1553 372 1615 des
406 1554 579 1615 erbaltenen
615 1554 839 1616 Brielwecbsels
872 1552 1017 1613 zwischon
1044 1552 1150 1611 Cicero
1177 1552 1241 1610 und
1289 1546 1474 1625 quievisse.¹)
1517 1551 1615 1613 Veluti
1635 1552 1827 1613 Bubukcnius
1848 1579 1892 1589 -
1914 1570 2001 1625 quom
2028 1570 2083 1628 pro
2112 1570 2149 1615 eo
2176 1572 2213 1615 ac

316 1650 475 1731 Brutus“¹)
497 1664 559 1717 tam
582 1658 649 1715 altis
670 1656 845 1716 eruditionis
866 1664 955 1729 atquc
973 1655 1126 1715 doctrinae
1143 1652 1239 1713 dctira
1289 1660 1419 1713 meretur
1444 1655 1539 1729 primo
1572 1656 1640 1714 loco
1667 1656 1786 1714 nomino
1807 1684 1850 1694 -
1878 1655 1916 1714 ad
1937 1654 2082 1715 Vellcinm
2109 1658 2214 1719 Pater-

316 1768 385 1819 suut
406 1760 571 1833 radicibus,
604 1768 638 1818 nt
666 1774 735 1817 mea
762 1760 910 1818 sententia
937 1774 1094 1832 numquam
1123 1757 1185 1816 ulla
1212 1758 1239 1814 ui
1289 1757 1386 1817 culum
1407 1757 1444 1830 tt,
1476 1756 1515 1817 ta
1542 1758 1618 1817 heac
1646 1758 1783 1817 adnotat:
1830 1758 1915 1833 „Ego
1943 1775 2014 1818 uero
2036 1760 2211 1821 Marciando

315 1862 491 1923 labefactari
514 1863 639 1935 possint,
661 1878 819 1935 numquam
839 1861 989 1921 demoveri
1004 1861 1083 1920 loco.
1117 1860 1240 1919 iractat
1289 1866 1320 1917 et
1346 1859 1499 1919 'lunstallo
1534 1859 1622 1921 facile
1659 1860 1807 1919 assentior
1833 1860 1985 1919 Ciceronis
2022 1862 2060 1919 ad
2089 1861 2213 1921 Brutum

318 1972 416 2024 autem
439 1965 488 2023 bio
510 1972 684 2038 argumenta
705 1980 781 2037 quac
809 1971 918 2025 vocant
944 1964 1095 2023 historica.
1140 1962 1239 2022 Minus
1289 1970 1320 2019 et.
1340 1961 1425 2020 Bruti
1447 1962 1486 2020 nel
1508 1962 1681 2021 Ciceronem
1703 1962 1845 2035 epistulas
1868 1977 1887 2019 a
1907 1961 2029 2022 falsario
2053 1977 2121 2024 esse
2140 1980 2211 2023 cou-

316 2083 459 2139 prospere
488 2082 537 2126 res
568 2074 654 2141 gesta
683 2068 780 2126 estin
802 2060 980 2140 vindieiis,²)
1009 2065 1114 2139 quibus
1147 2081 1239 2139 genus
1288 2056 1404 2124 fictas“.
1426 2064 1490 2123 Nec
1510 2082 1570 2124 nou
1580 2065 1824 2139 wyttenbachius
1843 2066 1874 2123 iu
1885 2064 2082 2123 V.Bulmlreni
2104 2084 2133 2140 p.
2148 2064 2210 2127 219

316 2168 455 2242 dicendi,
489 2170 568 2243 quod
602 2176 706 2229 auctor
738 2168 872 2229 adhibuit
905 2168 944 2227 ad
977 2168 1142 2229 orationem
1173 2167 1240 2226 illu·
1290 2192 1329 2205 ·-
1354 2166 1433 2240 qnod
1450 2168 1556 2227 attinet
1567 2168 1605 2226 nd
1616 2168 1759 2241 epistulas
1775 2193 1820 2207 -
1837 2167 1874 2225 ab
1890 2166 1968 2225 illius
1985 2167 2120 2239 partibus
2138 2174 2210 2228 stat.

317 2270 478 2345 strandam,
498 2272 529 2330 in
552 2272 718 2333 clientelam
740 2273 874 2345 recipcre
896 2270 1005 2330 studet.
1044 2270 1141 2329 Multa
1163 2270 1240 2329 cuim
1288 2268 1363 2328 Item
1385 2264 1539 2341 Orellius³l
1560 2270 1614 2329 bas
1626 2270 1761 2329 Ciceroni
1782 2268 1993 2329 abiudieaudas
2016 2286 2083 2329 esse
2106 2278 2212 2331 censet

314 2374 364 2433 bic
396 2374 548 2434 Ciceronis
579 2392 647 2435 esse
675 2374 829 2434 contendit
856 2381 887 2434 et
914 2371 1138 2447 interpretando
1163 2372 1241 2431 tueri
1288 2372 1331 2431 ita
1364 2371 1497 2445 quidem,
1536 2380 1570 2431 ut
1600 2374 1725 2446 primum
1763 2371 1869 2431 librum
1901 2372 2027 2444 ,ingesti
2064 2379 2209 2449 tempore,

315 2482 453 2551 conatur,
482 2495 558 2551 quaa
584 2486 693 2552 postea
720 2477 872 2537 codicibus
895 2478 999 2537 melius
1021 2475 1137 2535 collatis
1160 2490 1240 2533 com·
1289 2474 1450 2534 secundum
1471 2474 1570 2533 modio
1594 2491 1667 2534 nevo
1691 2476 1889 2547 conscriptum
1918 2481 2060 2533 autumet.
2108 2476 2212 2549 Neque

314 2579 462 2652 parebant
492 2598 551 2640 uon
585 2588 618 2640 ut
651 2580 688 2639 ab
717 2581 775 2640 hoc
809 2588 932 2641 auctore
964 2578 1108 2653 prolecta,
1139 2579 1194 2639 scd
1222 2595 1241 2638 a
1288 2578 1383 2636 minus
1425 2572 1630 2649 Niebubrins⁴l
1653 2577 1796 2637 dubitavit
1818 2594 1870 2636 eas
1892 2578 2086 2637 declamatori
2108 2578 2210 2638 nescio

315 2681 443 2741 librariis
477 2682 671 2742 oscitantibus
705 2683 732 2742 ei
767 2683 898 2744 obtrusa.
969 2682 1096 2741 Omnino
1140 2689 1238 2740 auteur
1289 2680 1336 2738 cui
1359 2679 1530 2752 adsignare,
1559 2696 1734 2753 quamquam
1758 2680 1885 2753 quaein
1909 2680 1952 2739 eis
1979 2678 2143 2755 traduntur,
2172 2679 2212 2739 ad

315 2782 469 2845 fatendum
491 2793 539 2843 cst
560 2785 761 2845 Hermauuum
791 2794 823 2845 et
847 2786 878 2844 in
898 2784 1041 2843 Vindiciis
1065 2794 1095 2844 ct
1115 2784 1146 2841 in
1167 2783 1239 2857 Epi·
1287 2782 1429 2841 historiae
1468 2780 1555 2839 tidem
1595 2789 1716 2840 narrata
1755 2798 1822 2841 esse
1861 2781 1917 2841 sibi
1954 2783 2111 2855 persuasit.
2171 2782 2212 2841 Et

317 2892 412 2945 metro
423 2882 661 2962 Vindiciamm,⁸)
685 2906 742 2961 quo
756 2888 793 2948 de
809 2887 996 2961 mordicum,
1016 2891 1240 2961 praeoccupata

317 2989 455 3063 opinione
486 2988 639 3063 abreptum
669 2989 775 3049 falsam
804 2990 880 3049 dam
908 2991 1073 3063 ingressum
1101 3004 1169 3047 esse
1196 3016 1238 3027 -
1358 3062 1377 3131 1'
1394 3078 1421 3131 p.
1442 3064 1574 3129 19-443
1600 3062 1689 3115 Valde
1713 3060 1794 3116 doleo
1818 3062 1892 3130 quod
1914 3062 2029 3117 almam
2046 3062 2157 3130 Zumpfi
2176 3062 2210 3117 de

316 3098 347 3150 et
373 3098 474 3207 tim
500 3108 625 3151 necesse
643 3100 713 3209 cst,
743 3108 798 3151 nos
827 3109 890 3151 mo
904 3109 965 3207 'tra
992 3098 1024 3151 et
1044 3090 1143 3207 Stufho
1169 3106 1238 3163 pro·
1288 3148 1331 3202 his
1359 3148 1486 3216 epistulis
1513 3147 1728 3215 disputationem
1754 3147 1782 3201 in
1809 3148 2037 3202 Berolinensibus
2062 3146 2211 3202 annalibus

315 3192 500 3268 gremmur'
529 3202 562 3254 nt
591 3202 723 3255 *emaus
752 3196 851 3255 lumen
874 3193 1031 3267 ⁸⁴¹¹q¹¹m¹d⁰
1054 3200 1174 3253 emieat·
1197 3220 1240 3231 '²
1289 3248 1361 3287 anno
1382 3232 1448 3288 ists
1465 3232 1601 3301 prolatam
1619 3233 1697 3286 utin
1715 3248 1795 3286 usum
1812 3248 1904 3287 meum
1923 3240 2124 3301 converterem,
2143 3246 2211 3287 uon·

314 3296 380 3355 trae
409 3295 637 3357 cenomanen
668 3298 732 3357 aete
759 3298 904 3357 instructa
930 3298 966 3355 A·
990 3296 1036 3354 W·
1059 3289 1238 3369 numptius)
1289 3318 1353 3373 oum
1372 3320 1438 3373 mint
1456 3319 1579 3387 ennena.
1607 3318 1723 3372 trunsum
1741 3332 1825 3372 curae
1838 3316 1970 3386 inpendi,
1987 3318 2211 3387 ipsumzinmpti-

316 3412 401 3459 arma
440 3401 565 3473 sumpsit
595 3401 738 3461 Tunstalli
778 3408 879 3459 castra
917 3414 1019 3459 rursus
1060 3397 1238 3459 defendendi
1288 3420 1334 3458 um
1356 3405 1455 3459 litteris
1482 3404 1551 3471 adii,
1583 3404 1634 3457 sed
1662 3419 1776 3472 operam
1801 3404 1923 3473 perdidi:
1956 3418 2018 3457 nam
2047 3400 2212 3472 quamquu'ur

316 3518 423 3561 causa:
448 3503 501 3563 sed
517 3502 710 3563 fundamenta
721 3520 796 3578 quae
807 3504 879 3563 jecit
889 3502 1071 3577 quaestionis
1088 3519 1161 3562 suae
1173 3510 1236 3561 gan.
1287 3490 1334 3544 ille
1362 3506 1469 3545 summa
1495 3506 1557 3544 cum
1583 3490 1749 3543 liberalitate
1776 3489 1909 3544 uoluntati
1937 3502 2017 3542 mese
2046 3486 2211 3545 satisfacere

315 3612 377 3664 mm
394 3606 499 3666 aberat
515 3607 552 3665 ab
564 3623 611 3681 00,
635 3606 880 3666 uffiermannum
892 3606 928 3665 de
946 3606 1095 3665 sementia
1113 3622 1168 3663 sua
1186 3604 1237 3663 de,
1288 3574 1427 3643 studebat,
1445 3576 1513 3629 nihil
1531 3574 1700 3643 anquireudo
1718 3574 1845 3644 proiecit.
1873 3573 1954 3642 Quod
1967 3588 2001 3627 eo
2016 3575 2104 3643 magis
2119 3574 2210 3641 «Iolao,

583 3712 589 3724 .
903 3710 909 3723 .
1110 3708 1116 3721 .
1287 3660 1352 3727 quia
1368 3660 1430 3728 ipse
1449 3660 1593 3728 Zumptius
1612 3660 1691 3713 alteri
1709 3660 1773 3713 huic
1792 3660 2016 3713 commentationi
2039 3661 2124 3713 multo
2146 3659 2209 3727 plus

315 3715 483 3781 merent'
516 3718 549 3769 ut
581 3710 630 3770 ¹¹¹⁰
660 3726 718 3784 ‘¹¹¹³
751 3717 816 3769 erat
844 3725 931 3784 ΜΨ
959 3725 994 3768 ³⁰
1022 3708 1158 3768 d⁰⁰m⁰³
1180 3707 1237 3766 ¹¹³⁰
1287 3746 1407 3800 tribuere
1425 3746 1533 3800 ridetur
1550 3760 1631 3813 ‹qtram
1649 3745 1688 3799 illi
1708 3744 1742 3799 de
1765 3760 1894 3812 quartos
1917 3746 2031 3811 agimus.
2068 3744 2103 3796 cl.
2127 3744 2210 3797 etiam

315 3808 488 3869 abuteretur
507 3811 660 3885 Epimetro
683 3812 883 3871 vindiciarum
912 3812 1111 3871 adulescentis
1133 3810 1237 3869 laudes
1286 3832 1425 3887 popm„
1443 3832 1657 3900 ‚rqusgewfflfloe
1675 3831 1768 3885 puppe
1786 3846 1839 3884 ,0ss
1858 3830 1975 3886 Cicemu
1993 3834 2038 3884 3„
2047 3828 2129 3897 Aust,
2146 3844 2174 3897 p.
2184 3830 2208 3881 2,

314 3918 349 3971 ut
370 3912 521 3973 detereret
542 3922 631 3988 atque
654 3914 837 3975 obscuraret.
881 3915 999 3987 Zumpti
1021 3922 1119 3973 sutem
1137 3912 1237 3987 dispu—
1354 3917 1437 3983 tux
1461 3916 1688 3971 Franco-Gallis
1713 3916 1747 3970 de
1773 3916 1892 3984 Golberp
1915 3916 2035 3981 (lettres
2060 3914 2095 3969 de
2120 3914 2157 3967 11,
2177 3914 2208 3965 Τ.

313 4016 435 4075 tationis
458 4032 573 4075 summa
592 4017 650 4075 huc
676 4017 819 4091 pertinet,
847 4024 885 4076 ,ut
911 4033 970 4075 110ss
1000 4017 1094 4076 solum
1122 4023 1237 4090 panem
1287 4002 1404 4057 Cic-tiron
1429 4000 1447 4055 dv
1466 4001 1568 4056 Brutus
1592 4010 1620 4055 Bi
1643 4002 1677 4056 (ie
1700 4002 1802 4056 Brutus
1822 4000 1840 4054 ᾗ
1857 4000 1983 4055 ciceron.
2020 3998 2109 4063 (Pssl'ifl
2130 3996 2208 4065 183⁶)

315 4118 527 4178 sententiarum
550 4118 586 4177 ab
609 4118 779 4179 Hemffimo
808 4128 914 4179 contra
940 4118 1145 4178 Marclandum
1175 4118 1236 4177 dic,
1286 4088 1383 4143 barum
1401 4088 1581 4155 epistularum
1601 4089 1793 4143 auctoritatem
1801 4087 1876 4141 uelut
1888 4084 2057 4155 postliminio
2073 4082 2210 4139 reducere

1103 4222 1109 4233 .
1193 4222 1200 4234 .
1287 4183 1405 4229 conatus
1424 4183 1468 4229 est
1484 4174 1657 4244 praelatione
1681 4189 1730 4228 sex
1752 4174 1870 4241 paginas
1893 4171 2110 4239 complectente,
2138 4182 2209 4237 quae

313 4230 410 4281 mum
442 4220 560 4281 refellat
592 4230 680 4294 atque
714 4216 909 4296 redarguam
941 4238 1042 4281 verum
1072 4229 1160 4279 emm
1191 4238 1236 4279 ιη’
1285 4266 1378 4313 tamen
1405 4259 1542 4328 praelatio
1570 4260 1651 4313 tinius
1669 4259 1750 4325 assis,
1780 4258 1803 4311 si
1831 4274 1893 4311 cum
1912 4256 2019 4312 Catullo
2042 4254 2116 4323 loqui
2133 4254 2208 4319 licet,

313 4330 428 4398 ‘emm
450 4324 607 4397 epissilflaffl
629 4324 757 4382 ΟΜΝΗ]
779 4325 980 4398 ¹⁰¹¹Bi⁸⁵im³¹1¹
1003 4324 1134 4398 ‘lniniam
1157 4322 1236 4381 deii·
1287 4344 1460 4397 aestimanda
1487 4352 1538 4397 est.
1582 4344 1674 4397 Etiam
1700 4342 1826 4395 Boissier
1852 4344 1981 4409 (Ciceron
2009 4349 2038 4395 et
2064 4354 2111 4395 ses
2138 4339 2208 4393 amia

314 4443 393 4485 mam
423 4435 542 4487 enarret
571 4436 603 4487 et
630 4434 786 4487 recenseat
814 4445 880 4486 eum
902 4430 932 4486 in
953 4428 1049 4501 finem,
1070 4436 1105 4486 ut
1126 4436 1236 4501 quanto
1285 4443 1312 4496 p.
1331 4428 1390 4493 sat,
1410 4443 1433 4480 e.
1453 4428 1504 4495 sq.)
1529 4442 1577 4481 eas
1601 4428 1735 4494 genuinas
1759 4440 1824 4479 esse
1850 4435 1954 4481 censet.
1995 4426 2033 4480 Et
2051 4425 2209 4479 herosta

1287 4514 1431 4580 consecra,
1449 4523 1481 4566 ut
1499 4514 1537 4567 ait
1555 4513 1588 4567 de
1600 4512 1727 4581 Golberg,
1745 4526 1800 4566 true
1818 4511 1921 4577 longue
1941 4510 2119 4565 dissenation
2139 4510 2209 4565 aen

1287 4598 1411 4651 souteuir
1428 4597 1640 4651 l'sutheuticite:
1669 4597 1719 4651 sed
1736 4597 1809 4650 hanc
1828 4610 1975 4662 numquam
1992 4596 2055 4649 vidi.
2096 4594 2208 4650 Golberi

382 4673 402 4739 ¹)
420 4675 522 4729 ΑΒΜ]-
541 4676 566 4731 d.
586 4678 677 4746 Glittss·
697 4677 762 4733 Get·
786 4675 811 4731 tl·
829 4675 913 4729 WiSS·
932 4674 976 4740 fla
998 4691 1062 4745 pag.
1082 4678 1131 4730 189
1150 4690 1174 4729 θ·
1194 4690 1226 4744 ⁸q
1285 4680 2208 4750 autemlibrumexilouheribibliotheealupatriamipsetranstuli.

312 4760 369 4829 nl,
387 4776 414 4829 p.
434 4764 484 4817 113
507 4776 532 4816 e.
551 4777 592 4830 sq.
616 4766 695 4829 tuae,
720 4762 754 4816 ct'.
779 4762 862 4817 etiam
885 4762 977 4831 Gdttg.
1000 4762 1053 4829 gel.
1076 4764 1145 4815 Anu.
1169 4763 1236 4815 1844
1353 4768 1373 4835 ³)
1391 4768 1505 4823 Praeter
1523 4768 1614 4837 ipsum
1632 4769 1723 4822 locum
1741 4782 1795 4836 quo
1815 4782 1859 4835 ep.
1879 4765 2000 4821 aelBrut.
2019 4765 2209 4821 intiuevol.1

315 4848 354 4902 St.
375 4850 424 4903 195
442 4862 466 4901 e.
486 4862 540 4916 sq.;
561 4850 626 4902 1845
646 4848 685 4903 St
702 4850 736 4903 96
755 4864 778 4903 e.
798 4864 839 4918 sq.
856 4864 883 4917 p.
901 4850 1045 4903 961—951.
1286 4852 1415 4907 editionis
1440 4868 1507 4908 suae
1530 4854 1661 4921 relegavit
1679 4852 1712 4905 cl.
1730 4852 1782 4907 nol.
1802 4852 1850 4921 IV,
1873 4852 1904 4907 P.
1922 4852 1956 4919 Il,
1974 4867 2001 4920 p.
2021 4852 2072 4904 468
2089 4859 2119 4904 et
2137 4864 2208 4920 quac

381 4934 581 5001 ¹)„Vindiciae
616 4934 776 4989 Latinitatis
812 4936 994 5004 epistolarum
1021 4934 1165 4989 Ciceronis
1200 4933 1235 4987 ad
1285 4938 1419 4992 Baehrius
1447 4939 1567 5007 „Gescb
1586 4940 1611 4993 d.
1630 4944 1696 4992 rbm.
1714 4938 1798 4994 Litt.“
1821 4938 1865 4993 ed.
1883 4939 1918 5006 ll,
1946 4952 1964 5005 p
1992 4936 2045 4989 590
2067 4937 2208 5005 exipsius

312 5020 350 5075 tt.
368 5019 483 5075 Brutum
501 5026 530 5074 et
546 5020 625 5074 Bruti
643 5020 678 5073 ad
699 5021 879 5075 Ciceroncm“
898 5020 1046 5089 Gottingae
1067 5022 1140 5075 1844.
1285 5024 1384 5077 litteris
1408 5032 1504 5077 namat
1527 5039 1589 5077 eum
1613 5038 1668 5078 non
1693 5032 1756 5079 ante
1779 5028 1831 5080 'lto
1848 5040 1874 5075 u.
1893 5038 1916 5075 c.
1942 5021 2063 5089 scriptas
2082 5021 2208 5090 adeoque

381 5104 402 5173 θ)
421 5105 624 5175 „vindiciarum
639 5105 832 5159 Brutianarum
849 5104 1036 5175 epimetrum.“
1056 5106 1148 5174 Gottg.
1160 5106 1234 5161 1845.
1285 5108 1406 5165 tortasse
1431 5109 1466 5163 ab
1490 5108 1589 5164 eodem
1606 5110 1717 5164 rhetora
1735 5110 1816 5163 fictas
1834 5122 1966 5175 censere,
1994 5107 2039 5161 cni
2057 5107 2209 5173 orationes,

380 5196 402 5261 ⁴)
421 5194 481 5263 ,De
498 5192 536 5247 rt.
555 5192 626 5247 Tulli
646 5192 788 5247 Ciceronis
807 5190 842 5245 ad
864 5192 901 5245 ld.
920 5192 1035 5247 Brutum
1057 5199 1087 5245 et
1102 5192 1181 5247 Bruti
1200 5191 1236 5246 ad
1286 5209 1355 5263 quas
1374 5212 1436 5249 eum
1454 5194 1555 5251 Wolfio
1574 5195 1693 5261 damnat,
1712 5193 1847 5261 originem
1866 5192 2019 5248 debuerint.

312 5280 369 5335 Cic.
389 5280 516 5348 epistulis
535 5293 606 5346 quae
623 5278 705 5345 vulgo
723 5276 872 5333 feruntur.“
907 5278 998 5333 Berol.
1019 5280 1093 5333 teto.
1352 5280 1374 5347 ⁴)
1392 5281 1604 5349 „Vorlesungen
1622 5280 1691 5333 tiber
1707 5284 1775 5332 rim.
1787 5278 1887 5335 Geseb.
1905 5294 1958 5333 sou
1974 5276 2114 5333 Sabmita“
2134 5272 2164 5328 P.
2172 5272 2207 5343 V,

381 5366 402 5433 ὗ)
420 5382 448 5434 p.
467 5368 558 5421 1-18.
1285 5381 1311 5433 p.
1332 5367 1380 5420 tat
1399 5380 1422 5418 e.
1443 5380 1483 5433 sq.
