4694 6286
1160 296 1207 369 20

232 496 366 564 Italicae
391 493 532 561 celeriter
557 512 624 559 esec
651 496 820 559 aaaron
842 492 994 573 conW,
1025 501 1105 575 quod
1126 506 1158 561 et
1292 502 1377 563 lianc
1399 502 1576 563 senentiam
1598 501 1735 577 equidem
1756 502 1815 562 iam
1837 508 1908 562 ante
1928 503 1983 565 bos
2001 506 2128 580 quinque

231 604 321 667 facile
342 604 535 677 demonstrat,
557 618 617 677 qna
637 601 753 663 mtione
775 601 904 662 otiosum
933 600 1006 663 iliud
1034 601 1085 677 „ci
1106 594 1155 661 Μ
1206 618 1300 665 annos
1327 604 1358 664 in
1387 620 1460 665 sem.
1487 602 1558 677 pbil.
1587 602 1856 678 annnwatdensi
1889 604 2000 679 protuli
2031 622 2128 681 neque

231 708 263 767 iu
284 704 376 767 uerba
396 706 527 779 irrepere
549 702 680 778 potnerit
700 709 732 763 et
753 719 821 765 cum
841 709 907 765 toea
921 704 1026 765 barum
1045 705 1156 779 epirus-
1206 704 1371 767 dnbitarem
1393 706 1562 765 etiamume
1583 711 1636 764 aut
1656 704 1732 765 bade
1754 705 1894 779 amplecti
1924 710 1976 767 ant
2003 707 2129 769 altemm

230 810 326 869 iarum
337 814 445 868 natura
461 811 549 880 atque
565 804 665 865 indole
681 805 786 865 mirum
803 804 833 863 in
852 804 972 866 modum
988 801 1155 878 concinit¹)
1205 813 1275 867 tune
1292 824 1312 867 e
1327 822 1374 867 me
1384 805 1541 882 probatam
1559 799 1943 883 „quictacpicnlissimus
1952 803 2124 870 κω...]

230 912 345 984 Nernpe
379 926 456 968 nona
489 914 520 967 et
552 906 712 982 singularia
744 913 850 966 auctor
882 906 1071 968 adsciscebat
1103 925 1154 969 ne·
1205 909 1366 970 secundnm
1388 908 1460 969 sslud
1481 907 1682 983 Vergilianum
1710 905 1844 983 (Aenfl,
1867 906 1945 982 als)
1974 911 2075 985 „cedit
2095 922 2127 972 et

231 1029 289 1085 aqna
313 1009 467 1085 quicquam
488 1009 697 1082 praetermisit,
728 1015 869 1081 qnantum
898 1025 973 1071 cura
992 1010 1045 1070 uiti
1065 1017 1154 1084 atque
1202 1010 1353 1085 Rhiphens
1375 1011 1553 1070 iustissimus
1575 1028 1669 1083 nnus,
1700 1012 1748 1085 qni
1770 1008 1826 1070 init
1845 1008 2040 1073 in'Tencris“
2074 1010 2125 1089 (cf.

230 1113 350 1174 efficere
371 1116 498 1186 poterat,
530 1110 599 1183 quin
621 1110 794 1170 venatorem
816 1110 969 1172 decumae
992 1118 1080 1186 atque
1103 1128 1154 1172 co·
1202 1110 1324 1171 Lobeci
1347 1112 1386 1172 ad
1407 1112 1499 1185 Soph.
1521 1112 1644 1171 Aiacem
1661 1130 1690 1186 p.
1709 1110 1801 1185 393),
1824 1114 1881 1172 nisi
1903 1113 2125 1177 ionte'iortnua

231 1216 311 1291 piam
335 1219 509 1273 ostentaret.
1201 1214 1232 1273 in
1254 1214 1404 1274 Ciceronis
1426 1212 1524 1274 locum
1546 1213 1717 1274 incidissem
1734 1209 1943 1287 lintrium:
1958 1217 2122 1289 „afflante

315 1316 372 1390 Ep.
395 1315 409 1373 I
434 1314 482 1388 15,
506 1314 525 1373 3
572 1306 676 1390 „qaod
700 1307 733 1372 si
759 1302 806 1373 ito
827 1311 889 1388 est,
917 1308 1085 1392 anteque
1105 1308 1154 1373 rei
1203 1317 1253 1391 qni
1273 1310 1402 1392 sapiens
1423 1315 1541 1377 babitus
1563 1323 1644 1375 esset
1665 1328 1752 1375 unus
1769 1334 1784 1376 e
1799 1311 1945 1392 septem“,
1970 1320 2020 1393 qni
2040 1314 2125 1381 loc'ns

228 1432 333 1481 meum
353 1408 510 1476 iudicium
530 1408 640 1475 studeo
662 1406 722 1474 ubi
740 1408 1031 1489 crassissimam,
1053 1430 1152 1492 acque
1203 1417 1350 1492 quomodo
1381 1416 1419 1478 ad
1448 1419 1526 1478 hunc
1553 1416 1726 1478 referendus
1755 1420 1803 1491 sit,
1833 1418 1872 1479 ad
1899 1420 2004 1480 nunm'
2023 1438 2124 1484 omnes

160 1562 163 1567 -
226 1514 332 1581 solum
352 1516 391 1578 nt
413 1510 541 1579 Solonis
561 1510 682 1576 canem
702 1530 867 1593 usurpem,
898 1511 956 1595 qai
975 1516 1007 1578 et
1026 1513 1151 1595 sepsere
1201 1518 1293 1579 semel
1315 1520 1418 1580 moniti
1437 1519 1587 1581 ridebunt.
1631 1518 1715 1593 Lego
1744 1520 1859 1594 itaque:
1909 1517 1985 1598 „qn-i
2011 1521 2043 1582 ct
2070 1539 2120 1584 so·
2166 1536 2175 1557 ³

228 1618 373 1683 casim
404 1613 470 1695 snit
498 1635 537 1679 ce
563 1617 680 1695 septem
705 1614 737 1678 et
763 1610 865 1696 Quen
900 1614 1037 1697 ereptor
1063 1612 1152 1681 aolus
1196 1616 1292 1697 pieres
1313 1634 1400 1682 unus
1419 1612 1485 1697 ficit
1504 1636 1543 1680 ee
1562 1613 1696 1697 eeptcm‘*
1723 1639 1749 1682 e.
1773 1640 1797 1682 s.

227 1739 266 1788 cr
286 1714 433 1800 sepicna“.
1286 1721 1495 1797 mp.11a‚o
1521 1716 2002 1801 „Lonqasnmqacercstcnt
2026 1741 2123 1803 prac-
2184 1769 2192 1785 .

312 1826 346 1886 In
358 1826 404 1886 bis
416 1830 572 1898 aegrotare
585 1810 695 1897 a'iiquid
705 1821 835 1897 Medicei
844 1822 912 1883 libri
922 1821 1014 1898 ipsius
1027 1826 1151 1899 vestigia
1202 1820 1370 1899 tamenim
1390 1820 1574 1885 eratenim
1595 1820 1634 1884 de
1655 1820 1735 1888 nac“.
1778 1826 1889 1889 biendo
1907 1830 2122 1903 quodambuue

227 1930 347 1989 docent.
391 1926 491 1986 Habet
521 1924 602 1997 enim·
629 1923 741 1986 codicis
763 1918 811 1984 Μ*
845 1920 1149 2002 „effaeminant
1200 1929 1298 1989 locum
1315 1928 1452 1989 laborare
1470 1944 1646 2003 quamquem
1669 1930 1827 1990 nemodnm
1849 1930 2062 2006 animadvertit,
2084 1948 2122 1993 eo

226 2024 275 2092 iil
306 2023 451 2105 „sapiens
478 2019 595 2113 conosi,
623 2026 703 2101 qnod
729 2027 856 2087 altorum
883 2027 972 2103 plane
1003 2030 1150 2088 immerito
1202 2030 1397 2091 confidentius
1424 2030 1601 2091 adseverare
1632 2030 1744 2105 audeo,
1771 2038 1929 2106 postquam
1946 2025 2122 2096 S'tudemun·

227 2150 332 2193 omnes
355 2131 486 2191 editores
509 2129 746 2205 repudiaverunt,
775 2130 802 2189 si
823 2128 942 2204 quidem
965 2130 1149 2191 Hoimannns
1202 2132 1257 2193 dus
1281 2132 1360 2193 domi
1382 2149 1454 2193 snae
1477 2133 1619 2193 nonnulla
1640 2148 1755 2193 mecum
1778 2150 1869 2207 agens
1891 2142 1974 2196 recte
1991 2136 2135 2199 illudue*

225 2242 309 2296 recte
326 2233 467 2293 iudicavit
483 2236 669 2292 correcturas
690 2231 812 2292 Stenius
825 2248 929 2292 manus
946 2234 973 2292 si
990 2249 1049 2292 nou
1067 2240 1149 2294 ante·
1202 2243 1233 2295 et
1253 2236 1400 2296 invenisne
1421 2242 1453 2295 et
1474 2251 1598 2296 sanasse
1619 2234 1769 2295 indicavit.
1813 2234 1946 2307 Quodsi
1968 2238 2123 2299 relativum

225 2335 391 2413 ponendas,
414 2341 445 2394 at
462 2341 543 2395 certe
561 2329 1000 2410 aequiparandasesseprimae
1013 2329 1150 2408 mannis)
1202 2338 1385 2397 enuntiatum
1406 2352 1461 2411 pro
1484 2335 1619 2397 subiecto
1642 2343 1717 2411 etat,
1747 2344 1849 2397 cetera
1879 2344 1977 2399 autem
2003 2340 2122 2413 praedi·

225 2439 372 2514 Equidem
394 2438 440 2496 vir
467 2453 586 2510 vereor,
614 2452 651 2495 ne
682 2436 854 2497 coniectura
883 2436 1094 2512 chananeum,
1124 2439 1151 2498 si
1202 2446 1271 2500 cato
1295 2437 1423 2499 adscribi
1445 2437 1564 2511 debent,
1587 2439 1652 2513 quis
1671 2438 1792 2503 medem
1810 2439 1942 2500 membra
1958 2442 2124 2514 praedicati

226 2549 380 2604 auctorem
413 2539 485 2599 baec
522 2539 677 2613 scripsisse
712 2538 863 2613 suspicor:
902 2534 977 2615 „qui
1007 2538 1038 2599 ei
1063 2555 1151 2600 noces
1200 2543 1259 2600 ista
1280 2541 1397 2601 ratione
1420 2545 1575 2600 contracta
1595 2538 1671 2599 ieret
1699 2541 1846 2615 particula
1873 2543 1996 2616 insuper
2022 2544 2133 2605 addita·

225 2634 482 2722 sapientissimus
508 2633 574 2715 soit
601 2654 640 2699 cc
664 2638 783 2717 wien
810 2639 842 2700 ct
876 2634 980 2718 lecum
1014 2637 1150 2719 emptor
1200 2642 1303 2703 nulla?
1344 2643 1389 2702 Ne
1417 2641 1523 2714 longus
1553 2641 1608 2701 sim
1635 2670 1679 2682 —
1707 2649 1759 2702 ant
1782 2638 2031 2718 „mononem
2055 2664 2121 2706 ner·

225 2740 317 2815 scine
330 2739 438 2817 (altero
460 2756 516 2818 „ccc
535 2735 670 2818 κριθή
684 2737 806 2817 deleto),
829 2741 909 2818 qnod
927 2760 1015 2818 quem
1032 2751 1101 2819 apte
1118 2754 1150 2805 et
1199 2745 1268 2805 bum
1298 2743 1462 2804 eiciendum
1491 2750 1538 2806 est
1565 2748 1715 2818 tamqnam
1741 2746 1941 2819 exploratoris
1969 2747 2133 2808 cuiusdam¹

226 2844 422 2923 aequabiliter
442 2842 596 2919 procedat,
626 2845 691 2919 quis
713 2852 760 2905 est
781 2846 831 2921 qui
852 2845 910 2906 boc
933 2862 993 2906 non
1015 2848 1147 2907 sentiat?
1199 2846 1444 2922 supplementum,
1466 2852 1519 2905 ant
1543 2837 1607 2918 „el“
1632 2844 1739 2906 vocula
1760 2852 1829 2906 ante
1856 2830 2118 2921 marcomanni

226 2950 268 3011 Et
302 2938 425 3024 „unins“
460 2946 642 3020 pronominis
676 2948 870 3021 superlativo,
908 2954 941 3007 nt
974 2949 1149 3010 excellentia
1200 2946 1339 3010 addenda
1360 2954 1415 3022 est,
1438 2946 1518 3021 qnod
1540 2946 1665 3006 alterum
1686 2953 1809 3021 propter
1830 2964 1959 3023 eaquae
1977 2958 2120 3010 secuntur

230 3058 388 3125 augentur,
422 3047 532 3109 adiecti
572 3064 660 3127 qnam
692 3047 831 3123 nequens
865 3050 944 3124 apud
976 3048 1149 3112 Ciceronem
1198 3049 1380 3127 probabilius
1401 3047 1496 3108 videri
1516 3054 1626 3121 potest.

227 3170 299 3216 usus
327 3153 378 3227 sit,
412 3152 546 3212 locorum
573 3166 648 3225 qnos
671 3150 820 3226 doeepbus
847 3146 990 3227 Krauss⁸)
1021 3154 1149 3228 collegit,
1268 3150 1352 3212 Haeo
1370 3167 1425 3225 ego
1442 3150 1512 3210 oiim
1531 3148 1610 3224 apnd
1627 3148 1746 3210 sodales
1759 3149 1909 3211 seminarii
1922 3150 2118 3227 Srypbisnal·

227 3258 316 3333 copia
337 3256 409 3316 satis
432 3254 579 3329 superque
601 3258 738 3314 testatur.
1198 3254 1299 3315 densis
1320 3253 1445 3327 protuli:
1468 3268 1545 3312 nnuc
1568 3251 1694 3311 eandem
1713 3251 1872 3311 lectionem
1888 3253 2118 3330 Wesenbergius

363 3352 366 3357 '
743 3350 749 3359 “
1199 3370 1315 3430 quoque
1328 3353 1524 3415 commendat.
1545 3352 1865 3427 Dicitillel.l.p.145.
1892 3354 2119 3429 „PostrestanT

225 3503 533 3517 ...-..-..
1198 3456 1299 3519 addidi
1315 3456 1359 3517 eT
1369 3451 1425 3529 (=
1436 3471 1530 3530 eoque
1542 3470 1584 3514 sc.
1597 3455 1667 3529 qnia
1677 3454 1766 3529 louge
1777 3452 1873 3529 sunt):
1885 3473 1940 3531 per
1951 3457 2117 3531 asyndeton

1198 3564 1279 3620 certe
1302 3557 1489 3619 scribendum
1511 3555 1581 3617 init:
1603 3554 1637 3630 L,
1660 3574 1704 3630 pr.
1727 3572 1762 3629 s.,
1786 3574 1814 3630 q.
1837 3551 1883 3616 r.“

295 3704 314 3772 ¹)
332 3704 375 3759 De
393 3705 447 3759 boc
465 3720 518 3760 ιιιιι
535 3656 721 3761 deserentem
737 3704 808 3759 satie
825 3703 917 3759 babeo
941 3720 1025 3759 uuum
1048 3698 1147 3775 Zump-
1283 3661 1365 3769 Iden}
1387 3660 1457 3719 mihi
1474 3659 1586 3769 ‚acciffit
1607 3660 1637 3716 in
1659 3658 1716 3732 ΕΡ·
1738 3658 1753 3716 Ῑ
1777 3658 1869 3770 Ῑῌ
1900 3660 1955 3735 ”¹⁴²
1974 3654 2041 3721 iam
2057 3657 2120 3770 ἐπα

224 3791 293 3847 aum
310 3789 426 3859 apaan
444 3790 491 3858 qus
508 3788 723 3849 ledramniet.
741 3790 830 3861 psas
847 3790 920 3844 mee
937 3789 1035 3845 nesea:
1055 3791 1147 3857 ‚naa
1198 3774 1278 3839 W
1296 3753 1375 3834 faor
1395 3754 1638 3819 nonannoeane
1657 3754 1874 3821 andnam.
1885 3755 2120 3822 cainonem

223 3873 295 3943 liger
312 3874 367 3939 (als
386 3873 437 3929 der
445 3874 574 3943 Singulae
592 3872 825 3941 desPreedieets)
844 3874 882 3929 ist
895 3873 1001 3942 jedoch
1020 3875 1070 3930 der
1084 3874 1147 3930 Piu-

224 3959 276 4028 ral,
297 3958 418 4015 nelcber
440 3958 526 4015 durcb
550 3957 594 4014 die
619 3958 757 4028 gedaebte
778 3958 919 4013 biehrlreit
942 3958 992 4013 der
1015 3960 1147 4029 Subjecte

225 4046 333 4100 erklitrt
348 4043 440 4099 nird“.
1199 4062 1505 4075 --·----

293 4129 315 4199 ’q
334 4129 412 4198 „Der
441 4128 574 4185 inducie
600 4130 727 4198 ippum
758 4146 794 4185 ru
821 4130 944 4187 Cicero’e
970 4128 1085 4199 Brieien
1111 4145 1146 4186 an

223 4213 353 4273 Atticus“
371 4230 399 4282 p.
418 4214 527 4267 lt-ll.
720 4260 725 4285 2
1556 4267 1559 4271 .

291 4299 313 4367 δ)
332 4298 388 4369 „id
415 4298 446 4353 T.
474 4297 531 4353 Cic.
560 4310 605 4366 ep.
633 4297 860 4357 emendationes“
886 4297 1000 4369 Lipsiae
1029 4301 1097 4355 1869
1116 4314 1145 4369 p.
1197 4299 1303 4355 bamus.
1325 4327 1360 4337 -
1377 4296 1478 4352 incitat
1495 4311 1539 4352 me
1558 4297 1684 4354 Senecae
1702 4310 1816 4364 nomeu,
1845 4302 1875 4351 ut
1898 4296 1981 4351 etiam
2004 4295 2038 4351 de
2062 4292 2117 4348 alio

222 4384 355 4451 tii-Sin
383 4382 485 4438 Statuit
507 4380 650 4451 dosephne
671 4380 778 4439 Krousa
801 4399 837 4439 ex
860 4385 986 4440 Senecae
1009 4383 1073 4438 loco
1090 4384 1145 4438 hoc
1197 4383 1447 4440 conmovemiernm
1475 4382 1539 4437 loco
1570 4396 1660 4437 meam
1691 4383 1859 4437 senteutiam
1894 4381 1990 4435 teram
2019 4378 2118 4433 Editur

223 4466 328 4535 (Coum.
346 4467 505 4536 lib.V113‚
524 4468 557 4523 lS
574 4482 601 4535 p.
619 4468 671 4522 826
686 4466 815 4538 Sicanii:
837 4469 932 4539 „ilium
949 4482 1068 4537 versum,
1088 4483 1142 4537 quo
1196 4469 1277 4537 urigo
1294 4469 1363 4523 Ere.
1382 4474 1470 4523 contr.
1487 4467 1525 4522 lib
1544 4466 1717 4538 111(p.241,
1739 4468 1858 4523 ld-lii
1874 4463 1988 4533 Ki'esel.)
2007 4465 2118 4534 „omnia

223 4553 319 4607 siebat
334 4544 422 4607 enam
436 4566 547 4608 versum
562 4552 679 4608 inueniri
696 4567 753 4607 non
768 4566 858 4621 poene
870 4554 1031 4610 ιιιιόιοιειιια
1042 4568 1143 4622 coqen·
1196 4554 1310 4622 intente,
1334 4554 1429 4621 atiquo
1447 4552 1599 4621 petentia“‚
1621 4553 1696 4621 quod
1714 4553 1755 4607 sic
1783 4551 1849 4605 ierri
1871 4566 1928 4605 nou
1949 4564 2035 4621 posse
2058 4550 2118 4605 tere

223 4635 289 4691 dum
311 4648 377 4692 esso
399 4638 595 4705 posteriorem·
610 4643 733 4695 sentem
758 4639 842 4693 etiem
868 4654 930 4693 cum
957 4640 1144 4709 comparativo
1196 4652 1293 4694 omnes
1320 4639 1489 4706 interpretes
1511 4637 1715 4693 intellexerunt.
1762 4635 1950 4705 iiieselingins
1972 4636 2120 4707 proposuit

223 4719 345 4790 „nnu1u“
361 4736 524 4790 pronomem
542 4722 733 4791 coniunxisse:
761 4722 836 4791 qnod
852 4723 1065 4793 improbandum
1079 4738 1144 4780 esse
1196 4724 1320 4794 quamvis
1355 4722 1513 4778 dubitanter
1547 4722 1687 4792 „alique‘
1721 4722 1944 4777 commutandum
1985 4735 2049 4776 esse
2088 4720 2118 4772 in

221 4812 308 4885 puto..
334 4804 405 4861 Nam
427 4807 570 4862 uerissime
594 4794 705 4877 quidem
726 4822 882 4877 pronomen
900 4809 1068 4877 superlativo
1087 4808 1144 4863 adi·
1195 4808 1357 4882 ,‚cliqaid“‚
1379 4808 1453 4876 qnod
1472 4807 1498 4862 si
1515 4806 1750 4861 consumationem
1768 4807 1858 4862 solam
1874 4806 2028 4870 iutuemur,
2047 4796 2117 4857 sene

223 4888 304 4958 citur,
322 4896 353 4944 nt
369 4878 758 4961 proprism'superlatininim
776 4896 878 4960 eareat
892 4891 1144 4963 atqueamplidcet,
1194 4894 1428 4962 plaeere-potest.
1464 4891 1587 4946 Similem
1608 4890 1679 4945 viam
1700 4889 1738 4945 ii.
1758 4891 1867 4947 Sander
1887 4890 1917 4942 in
1939 4886 2006 4942 diss.
2024 4887 2116 4955 inaug.

222 4974 280 5044 qna
297 4975 405 5030 ratione
424 4981 517 5030 antem
535 4991 598 5031 cum
615 4976 803 5049 compunctivo
821 4977 898 5032 coire
911 4977 1011 5046 possit,
1028 4992 1144 5046 prorsus
1196 4977 1394 5047 „quaestiones
1411 4977 1440 5031 in
1458 4976 1595 5032 Senecam
1613 4978 1754 5032 rhetorem
1772 4970 1962 5044 syntauticae“
1980 4987 2007 5041 p.
2027 4975 2060 5029 13
2077 4973 2117 5028 in·
2144 5045 2147 5051 Ι

221 5061 334 5116 nescio:
366 5060 431 5129 ipsa
463 5061 642 5130 comparativi
668 5061 725 5117 slve
758 5061 835 5117 notio
867 5062 925 5117 sine
951 5068 1050 5118 natura
1080 5060 1144 5118 huie
1196 5075 1311 5131 gressm
1330 5066 1383 5129 est,
1402 5075 1464 5116 cnm
1480 5067 1615 5119 tentaret:
1638 5062 1752 5133 „omnia
1766 5056 1995 5127 intenta-aliquo,
2014 5056 2118 5127 siquid

225 5145 415 5207 commotioni
431 5145 515 5215 plane
532 5151 679 5215 repugnat
713 5146 806 5215 Quare
824 5146 952 5203 Senecae
969 5145 1062 5202 locum
1079 5145 1144 5205 nitio
1193 5145 1347 5216 petentia“.
1382 5144 1439 5203 Sed
1461 5148 1584 5217 patietur
1605 5148 1666 5203 sine
1689 5146 1774 5201 dublo
1799 5145 1904 5200 amicus
1922 5156 1967 5199 me
1986 5157 2004 5197 a
2021 5141 2118 5211 sagam

221 5231 396 5299 inquinatum
415 5244 491 5287 esse.
504 5244 622 5299 censeo,
648 5230 724 5309 quod
744 5229 866 5287 formasa
888 5229 964 5287 baud
985 5231 1079 5300 inepte
1103 5230 1144 5286 sic
1194 5246 1247 5288 aua
1264 5230 1427 5287 coniectura
1442 5230 1621 5289 recedentem
1639 5228 1768 5285 scribere
1792 5229 1904 5298 „omnia
1924 5230 2045 5293 inmuta,
2067 5224 2117 5280 eli-

222 5316 427 5385 snstulerimus,
445 5325 476 5371 ut
492 5314 549 5371 leui
566 5314 718 5372 mutatione
736 5330 787 5386 pro
803 5314 1155 5397 ,,ιιιιιιιιι“,,ιι11ιιιιι“ιιιιί-Ι
1195 5330 1249 5384 qno
1264 5316 1470 5386 poemeni
1486 5315 1594 5385 (,‚diles
1616 5314 1667 5370 mit
1677 5314 1795 5383 'Pointa
1818 5313 1897 5370 Alios
1915 5315 1965 5369 mb
1981 5308 2128 5379 Scantia
