4694 6286
1146 248 1195 322 18

222 477 258 519 ex
286 455 388 517 ordine
416 455 572 516 verborum
599 460 774 514 remaneret.
826 454 905 512 Dicit
932 453 1076 527 scriptor,
1110 462 1142 511 nt
1193 466 1261 513 eam
1301 449 1546 533 rempublicam,
1590 468 1686 531 qaaere
1729 449 1845 514 cirtem
1884 455 1976 531 atque
2014 449 2116 513 animi

221 560 377 621 vernacule
401 557 520 619 dilatem
543 556 755 630 aliquantulum
777 562 806 613 at
819 554 971 628 explicem,
994 571 1070 628 qnae
1092 554 1141 613 ille
1193 553 1413 635 mapale-adine
1445 536 1548 635 mapsa
1579 570 1673 634 qaam
1707 550 1824 616 euantis
1862 570 1969 615 rerctm
2003 549 2116 619 libcra-

221 661 381 723 coenavit:
430 659 496 731 „liu
525 658 603 717 nirst
633 672 739 731 eugen:
773 656 821 716 lin
850 656 965 716 muchst
994 655 1070 715 mich
1096 653 1144 714 far
1193 654 1277 735 areli,
1299 656 1387 721 celtu
1411 653 1539 720 libera“.

223 764 288 823 eine
318 760 431 821 tende
460 759 559 819 Sitnde
596 757 839 818 nerantwortlich.
891 756 1019 817 Gewiss:
1060 771 1143 815 nenn
1278 764 1312 823 111
1333 765 1390 823 hac
1412 765 1530 837 vulgata
1552 763 1679 822 tectione
1703 761 1783 835 quod
1800 763 1902 820 omnes
1918 779 1977 821 uno
1990 769 2115 834 excepto

222 865 270 923 Du
286 864 427 921 rerhttten
443 862 591 931 leonntest,
615 856 687 933 (und
710 860 763 919 das
786 860 927 918 honntest
948 858 1051 917 Dn—
1069 857 1143 917 haec
1195 864 1324 927 editores
1348 865 1594 939 acquiescendum
1616 870 1806 938 putaverunt,
1837 879 1896 922 non
1926 861 2115 935 adsentimus,

223 983 259 1025 θΧ
286 964 486 1039 S⁰l0f50slb¹¹⁵
515 964 611 1021 bisbis
640 962 777 1021 exbiberi
805 957 887 1030 licei)
918 960 987 1019 dass
1022 960 1064 1018 lie
1092 958 1143 1018 be·
1194 984 1261 1026 cum
1283 966 1363 1041 apud
1384 984 1438 1027 uos
1460 983 1531 1025 vera
1553 967 1629 1025 ratio
1652 967 1717 1038 plns
1740 967 1839 1024 valent
1866 982 1952 1037 quarn
1975 964 2114 1024 librorum

223 1084 339 1141 gangen
360 1059 505 1129 wurde“.,
534 1066 567 1123 ln
593 1064 638 1122 his
666 1081 722 1136 ego
751 1064 848 1122 fateor
875 1080 922 1120 rue
953 1062 1033 1135 qnod
1053 1060 1144 1120 offan·
1196 1070 1367 1128 auctoritas.
1411 1071 1457 1126 An
1478 1076 1510 1127 tu
1533 1084 1637 1127 censes
1662 1060 1802 1139 „e.t·t'ltts“
1829 1066 1947 1125 verbum
1970 1068 2025 1125 hoc
2049 1068 2114 1124 loco

224 1170 276 1229 dat
296 1170 367 1228 nihil
387 1169 518 1228 invenire
539 1184 638 1240 posse.
684 1165 770 1238 Quod
794 1173 892 1223 aulem
916 1166 1065 1238 Kayserus
1089 1163 1145 1222 sibi
1195 1170 1316 1228 tolerari
1343 1170 1455 1243 posse?
1485 1169 1564 1242 quod
1593 1186 1639 1227 nne
1666 1167 1763 1227 iudice
1791 1177 1852 1226 tum
1875 1169 2036 1227 insolenter
2063 1185 2115 1240 po-

223 1272 373 1345 persuasit
396 1263 554 1344 ,alicttnc‘·
579 1270 673 1329 altero
696 1269 763 1327 loco
785 1269 914 1340 positum
942 1267 1063 1325 librun'o
1093 1265 1144 1324 de·
1196 1271 1285 1330 sitnm
1307 1268 1389 1343 cst¹),
1417 1280 1532 1331 utnon
1555 1271 1642 1329 modo
1666 1286 1684 1328 a
1706 1270 1872 1341 Ciceronis,
1904 1271 2115 1329 verumetiam

223 1374 295 1447 beri,
319 1390 374 1448 ego
393 1371 525 1446 ambigo:
549 1389 638 1444 posse
658 1371 715 1431 hac
732 1372 772 1428 ita
792 1385 857 1428 esse
875 1376 920 1426 est
938 1366 1145 1437 confitendum,
1197 1371 1234 1431 ab
1263 1372 1355 1444 ipsius
1384 1371 1536 1444 scriptoris
1567 1388 1621 1429 usn
1652 1369 1771 1429 dicendi
1799 1398 1837 1410 -
1867 1372 1947 1444 qnod
1974 1373 2115 1431 maiorem

226 1493 293 1536 ease
316 1476 425 1536 debere
447 1474 623 1549 negandum.
1195 1473 1285 1533 habet
1317 1474 1374 1532 vim
1408 1490 1442 1533 ac
1476 1471 1591 1547 pondus
1614 1499 1658 1509 -
1683 1472 1771 1545 plane
1804 1467 1965 1545 recedat.²)
2019 1473 2115 1533 Unum

311 1578 367 1653 Ep.
390 1579 404 1636 Ι
427 1576 455 1650 9,
482 1577 496 1634 1
529 1576 602 1636 Cum
625 1577 711 1649 vulgo
735 1574 929 1634 scriberetur:
962 1564 1147 1647 „mearco-er
1195 1574 1360 1648 Kayserum
1388 1576 1419 1635 in
1445 1576 1501 1634 hac
1529 1590 1602 1634 soce
1641 1572 1800 1634 offendisse
1831 1576 1965 1633 memini:
1999 1575 2116 1636 medela

225 1673 337 1756 officio,
362 1693 422 1755 quc
445 1679 479 1736 ιιι
500 1672 630 1752 sanctas
652 1691 684 1735 cs
706 1670 742 1734 t'et
763 1690 831 1733 meo
854 1669 949 1748 lacta,
981 1673 1069 1749 leth
1087 1688 1147 1748 per
1196 1686 1293 1737 antem
1317 1695 1404 1751 qnam
1428 1677 1568 1747 adhibuit,
1589 1684 1622 1735 ut
1637 1658 1854 1749 ,sclicic:cittr“
1881 1676 1969 1734 scribi
1992 1678 2115 1750 iuberet,

227 1777 349 1842 litteras
370 1774 556 1853 comata-rer,
584 1773 650 1837 taisi
674 1774 787 1837 scirent
809 1772 867 1836 iis
888 1771 1045 1850 annedae,
1075 1770 1145 1851 pci-
1195 1788 1318 1854 proptcr
1339 1779 1505 1853 corrigendi
1535 1778 1690 1838 andaciam
1716 1779 1778 1837 neri
1805 1785 1888 1837 caret
1914 1778 2114 1837 similitudine.

226 1879 284 1944 bue
316 1899 419 1942 areum
453 1875 591 1941 dolorem
624 1880 658 1939 ιιι
692 1874 833 1954 levasses,
869 1879 897 1938 le
928 1874 964 1936 in
998 1878 1050 1936 lna
1082 1892 1146 1936 eron
1195 1882 1388 1956 Exploratum
1411 1883 1436 1941 si
1459 1888 1540 1941 esset
1562 1880 1736 1940 adiectivum
1760 1880 1920 1951 excidisse,
1951 1897 2006 1953 ego
2035 1882 2115 1940 coni-

227 2001 314 2065 ecere
335 2001 371 2045 ac
391 1979 485 2045 velim
506 1977 635 2049 facilins
657 1996 751 2059 ortam
774 1976 862 2055 mibi,
895 1996 980 2040 nnnc
1002 1976 1061 2039 libi
1082 1979 1146 2038 lactc
1196 2002 1293 2044 cerem
1330 1991 1480 2044 auctorem
1513 1984 1667 2056 scripsisse
1705 1976 1809 2056 ,erite
1842 1974 1967 2040 attestati
1998 1976 2112 2040 libern“

228 2084 401 2161 medeare“,
449 2089 587 2149 Baitarns
621 2103 676 2160 pro
713 2081 774 2158 ,tie
806 2076 970 2143 rent-ediis“
1010 2079 1065 2156 „irc
1098 2097 1145 2141 rc-
1196 2085 1359 2146 secundnm
1396 2085 1469 2145 illud
1500 2085 1739 2145 ciceronianum:
1784 2084 1941 2157 „Perditac
1983 2085 2116 2144 cititates

227 2184 358 2253 medam
389 2190 485 2250 ordini
521 2189 676 2248 verborum
703 2189 816 2259 intulit,
846 2186 924 2260 qnod
953 2203 1024 2246 casu
1052 2187 1145 2260 nnuma
1196 2188 1362 2262 desperatis
1386 2187 1519 2247 omnibns
1542 2186 1630 2246 rebus
1652 2187 1707 2245 hos
1731 2187 1828 2246 solent
1856 2186 1951 2245 exitus
1981 2187 2115 2246 exitiales

226 2311 313 2371 quam
344 2294 479 2353 consulte
508 2294 554 2352 vel
580 2292 679 2366 potins
707 2291 880 2366 tnpathetae
908 2306 1008 2348 errore
1035 2287 1145 2347 factum
1195 2284 1324 2351 habere“
1350 2285 1487 2362 (invem.
1509 2289 1538 2348 ll
1561 2288 1588 2361 5,
1612 2285 1654 2359 6).
1688 2288 1750 2348 Sed
1771 2305 1946 2362 persuasum
1967 2289 2063 2349 habeo
2086 2291 2116 2347 in

226 2414 294 2457 esse
317 2396 453 2463 arbitror,
481 2393 718 2468 qnandoquidem
747 2393 903 2461 neminem,
934 2392 983 2465 qni
1011 2392 1057 2450 rel
1084 2407 1145 2449 me·
1195 2393 1261 2467 ipso
1285 2394 1379 2452 exitus
1402 2391 1491 2451 verbo
1514 2391 1613 2450 vitium
1636 2392 1748 2464 inesse,
1779 2391 1859 2464 qnod
1889 2393 1931 2450 sic
1960 2393 2116 2451 sustulisse

228 2499 370 2559 diocritm
398 2497 539 2567 attendat,
571 2497 607 2555 de
637 2495 819 2569 pronominis
847 2494 1026 2552 necessitate
1062 2492 1145 2552 dubi·
1197 2496 1266 2555 alirn
1289 2494 1358 2554 mihi
1369 2493 1498 2567 uidebar,
1521 2501 1553 2552 ιιι
1573 2511 1628 2567 pro
1654 2485 1775 2567 „exiled
1804 2486 1933 2566 ,cacr'lio“
1960 2492 2116 2566 legendnm

226 2609 290 2661 tare
313 2618 403 2675 posse
426 2598 552 2659 confido.
597 2598 674 2657 Tota
701 2604 800 2656 antem
827 2596 955 2670 uulgaris
983 2596 1072 2654 lectio
1092 2612 1147 2667 per
1196 2614 1404 2671 proponerem.
1439 2594 1771 2668 Quamquam—valde
1795 2595 1906 2655 arridet
1928 2593 2116 2655 mihiStude-

227 2721 259 2763 se
294 2708 430 2777 spectata
462 2701 531 2760 nihil
566 2700 734 2761 offensionis
768 2698 872 2772 habet,
907 2707 1006 2757 tamen
1035 2696 1145 2756 codicis
1196 2698 1296 2758 mundi
1317 2699 1487 2757 coniectura
1511 2703 1578 2757 ante
1600 2696 1655 2756 hos
1679 2703 1819 2772 quattuor
1841 2713 1934 2756 annos
1954 2696 2117 2756 damianae

224 2806 355 2867 Medicci
377 2805 552 2878 scripturam
573 2804 698 2863 intuenti
720 2803 767 2861 nix
788 2803 916 2877 genuina
933 2798 1144 2874 videripotcsi.
1197 2816 1311 2859 mecum
1333 2801 1549 2859 communicata
1572 2793 1746 2874 ,croam
1771 2816 1874 2859 vocem
1895 2816 1950 2873 pro
1978 2800 2030 2858 illa
2052 2815 2116 2859 cor-

227 2908 355 2969 Pracbct
377 2908 454 2967 enim
476 2907 539 2966 hic:
572 2905 621 2979 „lc
641 2919 706 2963 aaa
727 2918 815 2980 apere
836 2918 873 2961 ne
894 2896 988 2962 aelim
1007 2894 1146 2975 facilius,
1197 2909 1284 2976 rupta
1306 2903 1434 2962 orationi
1454 2902 1620 2962 inserentis.
1664 2902 1698 2961 ln
1719 2902 1812 2961 Bruto
1836 2903 1913 2962 eninr
1934 2909 1965 2960 et
1987 2903 2115 2960 exercitu

226 3023 323 3089 qaam
344 3005 381 3068 ire
403 3008 457 3068 tata
484 3001 611 3079 cambd,
640 3007 679 3068 ad
709 3025 785 3081 qnae
807 3008 938 3081 proxime
962 3005 1147 3076 accedemus,
1197 3005 1260 3063 eius
1282 3021 1399 3064 omnem
1421 3022 1503 3079 spem
1525 3014 1594 3065 tunt
1616 3005 1743 3078 positam
1766 3003 1856 3063 inisse
1878 3004 2021 3078 epistulae
2044 3005 2116 3061 mul-

227 3115 253 3173 ai
280 3114 484 3187 scripserimus
517 3104 601 3186 ,cisi
626 3105 739 3169 serrem
766 3103 809 3167 t't's
837 3102 1000 3177 recredita,
1032 3099 1148 3182 quibas
1198 3107 1235 3165 tis
1257 3106 1331 3166 locis
1354 3101 1499 3177 docenti)

226 3228 332 3275 meum
358 3207 496 3273 clebrem
524 3212 560 3270 lu
583 3204 708 3286 bombi,
737 3210 765 3269 te
790 3223 855 3268 aaa
876 3223 964 3285 apere
990 3222 1026 3266 ac
1054 3201 1148 3265 celim
1283 3207 1424 3269 Fortasse
1447 3206 1591 3284 quispiam
1610 3210 1716 3269 dixerit
1733 3216 1800 3268 ante
1817 3201 1989 3283 ,ecmcilffl
2008 3200 2113 3282 ,rand

224 3311 354 3391 reatae
376 3328 471 3392 qaam
493 3313 568 3373 tnnc
589 3307 678 3386 mill,
700 3326 786 3370 antec
808 3305 866 3371 tibi
888 3310 954 3370 ltelc
975 3302 1145 3370 ertcdearc“.
1198 3312 1447 3386 praepositionem
1476 3311 1656 3383 desiderari3
1698 3309 1753 3369 sed
1779 3327 1901 3383 vereor,
1933 3328 1969 3369 ne
1999 3312 2040 3381 is,
2070 3312 2117 3368 cui

227 3419 318 3479 Vides
341 3437 387 3477 me
401 3409 570 3492 „terascea
595 3418 625 3476 in
645 3408 790 3491 ,immed
816 3422 961 3474 mutasse:
985 3421 1068 3473 recte
1091 3413 1148 3471 nisi
1198 3413 1254 3472 hoc
1277 3414 1319 3472 ita
1347 3412 1494 3486 rideatur,
1527 3429 1706 3488 praegressa
1733 3413 1818 3471 nimis
1840 3412 1937 3471 obiter
1956 3413 2117 3486 perlustra·

229 3523 346 3597 egregie
368 3519 464 3580 fallor.
508 3520 583 3578 Nam
611 3536 678 3577 cunt
701 3517 859 3577 antecedat.
879 3516 1054 3576 indicativus
1078 3532 1147 3574 con·
1197 3517 1280 3575 verit.
1313 3516 1367 3574 llis
1390 3517 1467 3575 enim
1490 3516 1632 3576 ablativus
1656 3516 1869 3589 simplex-si
1892 3532 1951 3575 non
1975 3513 2117 3590 efflagita-

229 3631 345 3698 stetqne
369 3640 405 3682 ex
427 3620 617 3695 sequentibus
639 3620 762 3679 Brutum
779 3612 931 3679 Ciceronis
954 3618 1087 3678 dolorem
1110 3616 1148 3676 ob
1198 3626 1309 3677 tur—
1331 3627 1464 3679 atcerte
1488 3629 1654 3680 excusatur.
1693 3618 1831 3679 Celerum
1851 3619 2023 3695 frequenter
2042 3618 2116 3700 haec

229 3727 341 3786 Tulliae
374 3731 498 3783 mortem
526 3728 699 3797 perceptum
726 3739 758 3781 re
781 3739 853 3781 vera
877 3723 1010 3790 levasse,
1046 3726 1147 3778 nostra
1198 3721 1288 3780 verba
1317 3716 1457 3793 ,crime
1489 3729 1519 3781 et
1550 3715 1738 3794 „exercitns“
1772 3739 1791 3782 a
1818 3722 1944 3781 librariis
1978 3718 2118 3778 confundi
2155 3700 2162 3710 ⁸

228 3830 292 3887 iure
315 3827 531 3886 coniunctimm
553 3824 750 3899 respuendum
774 3842 840 3884 esse
863 3831 1009 3898 putamus,
1041 3824 1147 3895 qnippe
1197 3822 1410 3883 Drakenborch
1433 3825 1522 3884 docet
1544 3824 1582 3884 ad
1603 3824 1707 3884 Lixv
1730 3824 1780 3895 27,
1807 3822 1844 3883 10
1868 3831 1898 3882 et
1914 3824 1999 3884 XXII
2016 3821 2064 3896 13,
2088 3820 2116 3881 5.

228 3946 287 4004 que
317 3930 403 3988 ulmis
437 3929 526 3987 dubia
557 3926 609 3987 fiat
642 3928 738 3987 oratio
771 3934 859 4000 atque
894 3926 1040 3999 ambigna.
1083 3902 1174 4035 hin-t
1282 3927 1326 3986 Ac
1348 3945 1385 3986 ue
1409 3928 1473 4000 quis
1496 3925 1627 3987 offendat
1653 3928 1684 3985 in
1711 3927 1834 3986 relativo
1862 3928 1942 4000 quod
1970 3925 2118 3986 antecedit

227 4033 370 4093 tadonem
400 4037 499 4089 autem
526 4031 603 4089 hanc
630 4038 662 4089 ut
690 4047 725 4089 cx
756 4029 941 4088 coniunctim
975 4027 1148 4086 indicativus
1170 4040 1174 4049 ·
1199 4030 1359 4101 enuntiat-a,
1382 4023 1595 4103 Hermunnns4)
1618 4027 1733 4090 duobus
1755 4029 1828 4088 locis
1853 4047 1889 4089 ex
1899 4029 2041 4089 Cicerone
2066 4027 2116 4087 de-

226 4134 293 4207 fiat,
321 4151 380 4193 non
410 4132 613 4193 reformidabit
641 4134 691 4207 qni
718 4134 747 4191 in
778 4132 858 4191 nullo
881 4146 990 4205 genere
1012 4129 1149 4215 frequen·
1198 4132 1340 4205 promptis
1374 4131 1558 4191 demonstrat
1591 4126 1642 4207 (de
1671 4132 1767 4192 Dixin.
1796 4133 1823 4203 I,
1855 4129 1874 4189 6
1901 4137 1931 4190 et
1956 4148 2010 4205 pro
2039 4130 2115 4190 Sest.

227 4239 285 4297 tius
309 4254 327 4297 a
347 4235 474 4296 hbrariis
496 4242 652 4308 peccatum
674 4251 742 4294 esse
764 4225 976 4306 recordetur.¹)
1199 4251 1224 4292 c.
1240 4229 1291 4304 53)
1318 4229 1483 4303 „virtulem-
1505 4233 1535 4292 el
1556 4227 1804 4311 ermpnibcdt‘rtcm
1827 4225 1946 4291 aniori“
1968 4242 2116 4304 tamqnam

313 4339 397 4414 Epi
417 4337 497 4412 10,4
524 4330 748 4412 ,Qrtaaaobrem
761 4330 881 4409 adcola,
905 4329 1034 4408 obsecra,
1057 4333 1150 4411 alqnc
1460 4330 1466 4343 '

1355 4537 1503 4547 ..ψη-*-

1168 4594 1175 4823 Ι
1266 4770 1285 4840 ¹)
1308 4775 1348 4827 Ac
1376 4789 1409 4827 ne
1438 4775 1498 4841 quis
1526 4774 1591 4829 mihi
1618 4773 1689 4827 torte
1716 4772 1771 4827 tale
1799 4773 1953 4840 exemplum
1982 4775 2115 4838 opponat,

296 4855 315 4922 ¹)
335 4856 394 4910 Hoc
414 4858 481 4911 satis
499 4858 590 4912 habea
614 4873 668 4912 nno
692 4857 821 4926 exemplo
845 4857 1049 4923 demonstrare,
1073 4858 1147 4926 qrxotl
1168 4828 1172 4879 Ι
1197 4859 1277 4927 qtrale
1301 4866 1345 4912 eet
1368 4859 1424 4911 Cic.
1443 4857 1478 4912 ad
1494 4861 1550 4914 att.
1569 4859 1618 4911 XV
1640 4861 1670 4925 5,
1693 4861 1709 4912 5
1737 4859 1789 4926 „de
1813 4857 1927 4925 Pompei
1953 4854 2028 4908 exitu
2051 4854 2116 4907 mihi

227 4949 304 4996 extat
321 4939 349 4996 in
367 4942 411 4994 Pa.
431 4941 487 4995 Cic.
505 4943 556 5011 Ep.
576 4943 611 4997 ad
630 4943 772 4997 Octavium
790 4945 815 5007 4,
833 4942 881 4996 ulti
899 4942 980 4996 simili
999 4942 1099 4995 mendo
1118 4944 1145 4997 in
1168 4960 1171 4975 ¹
1197 4959 1335 5012 nunquam
1354 4942 1464 4997 dubium
1483 4941 1551 4996 init“
1576 4943 1697 5011 aliaque:
1725 4942 1872 4997 tenendum
1897 4948 1940 4993 est
1965 4947 2042 4993 recte
2063 4939 2118 4993 dici

226 5026 324 5081 codice
341 5024 508 5093 Erfurtensi,
531 5043 603 5082 nnnc
625 5027 801 5082 Berolinensi
823 5042 875 5096 pro
894 5027 1061 5094 „exstitisti“
1081 5043 1145 5089 „ex-
1196 5029 1304 5096 „exitus
1323 5027 1520 5096 reipublicae“,
1539 5027 1611 5082 falso
1631 5028 1724 5094 „exitu
1742 5025 1940 5095 rempublicam
1958 5025 2073 5079 libern“.

227 5111 368 5167 stitisses“
391 5112 535 5166 invenitur.
559 5110 593 5165 ci.
620 5112 674 5166 Ed.
695 5111 831 5166 Wunder:
865 5112 984 5179 „Variae
1009 5112 1145 5166 lectiones
1263 5112 1889 5181 etet.e.g.111,e;12,1;1t,t;1r,r›.
2158 5102 2161 5107 ’

227 5197 357 5252 librorum
377 5198 481 5266 aliquot
494 5198 530 5251 bl.
542 5198 572 5252 T.
584 5198 639 5253 Cic.
660 5213 693 5251 ex
713 5197 977 5252 codiceErinrtensi
997 5194 1144 5253 cantatae*
1263 5199 1284 5263 ιι
1304 5197 1338 5252 ct.
1358 5213 1382 5259 e.
1401 5214 1426 5266 g.
1446 5196 1501 5263 19,
1520 5202 1550 5265 33
1570 5200 1611 5264 12,
1630 5199 1660 5263 ις
1680 5199 1721 5255 14.
1739 5196 1769 5257 2:
1791 5198 1830 5263 15,
1850 5197 1896 5255 12:
1917 5198 1956 5255 18.
1976 5199 1998 5248 l.

226 5297 253 5350 p.
274 5284 328 5336 138.
612 5285 617 5294 “
1167 5278 1171 5333 1
1264 5285 1284 5348 ⁴)
1304 5282 1383 5337 l'ind.
1402 5284 1461 5339 Lat.
1480 5299 1506 5351 p.
1525 5284 1565 5337 43.
