4694 6286
1157 272 1199 344 ld

1073 371 1276 381 —---...—-

223 490 284 543 tem
307 482 482 541 sententiam
507 496 590 538 suam
613 480 757 536 srrstirrere
782 477 896 535 duobus
919 478 993 535 lacis
1017 494 1053 537 er
1076 478 1147 550 ipsis

224 586 359 659 epistulis
383 583 579 655 depromptis:
605 580 643 638 ad
667 580 828 637 ternanti
852 579 899 643 ll,
925 579 939 636 l
968 587 1052 652 „tuas
1075 596 1147 653 quo·

224 704 282 760 qtto
317 685 458 757 epistulas
492 685 534 740 vis
568 681 672 740 reterri
706 683 734 738 itr
769 674 932 740 voltrmiua“
967 689 996 740 et
1027 681 1064 740 ad
1087 682 1147 739 mr.

224 788 301 853 xvt,
331 790 347 837 ἵ)
379 802 528 856 „arearum
557 785 749 856 epistularum
778 785 858 842 nulla
886 793 930 842 est
965 769 1148 858 σοναγοηῆ.

225 892 280 949 sed
314 888 401 946 babet
435 887 520 958 TIro,
540 887 633 944 Instar
661 886 741 944 Lxx
769 894 798 944 et
831 886 949 958 quidem
978 892 1046 943 sunt
1074 902 1091 942 a
1119 893 1148 942 te

223 992 370 1066 quaedam
394 989 570 1051 scrutandae:
606 1006 657 1047 cas
681 1005 797 1061 quaque
821 995 938 1061 oportet
962 988 1148 1060 perspiciam,

226 1095 388 1165 corrigam,
417 1100 476 1149 tum
502 1092 627 1163 denique
653 1084 807 1149 eclc·¹.rtur“.
853 1092 1036 1163 Quamquam
1058 1090 1149 1145 -si

225 1203 306 1253 recte
335 1195 389 1252 bos
420 1195 502 1252 locos
539 1193 809 1265 interpretabimur,
848 1193 918 1249 nibil
953 1191 1033 1249 aliud
1061 1191 1148 1249 cttri-

225 1298 358 1356 stabimus
381 1298 436 1355 nisi
459 1298 597 1355 Tironem
621 1297 649 1352 in
674 1297 772 1353 anitno
794 1293 933 1352 babuisse
957 1293 1148 1365 epistularum

226 1399 386 1458 editionem
409 1416 529 1472 procace:
560 1399 615 1455 boe
646 1414 677 1455 rc
706 1414 775 1454 sera
804 1412 870 1455 eum
893 1396 1000 1453 iecisse
1024 1411 1082 1451 non
1106 1395 1147 1451 ita

224 1500 312 1560 facile
335 1503 578 1574 praestiterimus.
613 1499 721 1557 Contra
739 1515 801 1554 rem
818 1498 921 1555 borum
934 1496 1057 1554 (luorum
1069 1496 1149 1553 venit

224 1604 323 1662 Nolae:
359 1605 383 1660 is
411 1605 487 1661 enim
511 1600 663 1660 rorrtendit
687 1600 828 1670 epistulas
853 1600 891 1658 ad
914 1600 996 1657 Fam.
1020 1616 1056 1657 er·
1078 1599 1146 1655 reli-

225 1708 301 1778 quiis
325 1707 466 1763 trraiortrm
490 1705 605 1761 illorum
624 1703 800 1759 volartritmm
819 1699 946 1771 fluxisse,
970 1719 1056 1774 quam
1080 1718 1145 1757 sen-

224 1809 346 1866 tentiam
370 1807 504 1879 equidem
530 1806 618 1863 certis
642 1804 678 1862 dc
701 1805 799 1861 causis
813 1805 984 1877 arnplector.
1020 1805 1145 1861 Primnm

224 1912 302 1968 enim
326 1911 351 1966 si
371 1909 571 1966 Heranannum
595 1914 623 1964 et
642 1905 839 1964 Ilofmannum
861 1906 1004 1978 sequaris,
1028 1903 1145 1963 dillicile

226 2020 272 2070 est
296 2011 334 2069 ad
357 2009 569 2115 ealdieandum,
591 2009 680 2066 immo
704 2009 843 2081 erpIIcari
867 2009 975 2079 nequit,
998 2006 1144 2079 quomodo

224 2114 368 2187 epistulae
393 2112 431 2170 ad
453 2111 536 2169 Fam.
559 2117 642 2169 touta
666 2127 731 2168 eum
755 2111 941 2183 tteglegentia
966 2118 995 2167 et
1026 2109 1145 2166 levitate

1284 474 1443 550 Br·criter¹)
1465 479 1541 537 banc
1564 478 1766 551 quaestionem
1789 478 1971 536 extrinsecus
1994 479 2122 551 positam

1199 590 1372 654 persecutus
1395 598 1467 651 snm,
1501 582 1571 653 quia
1593 598 1627 639 es
1650 580 1705 638 bac
1730 580 1839 652 aliquid
1861 580 2029 639 redundare
2052 581 2122 640 milti

1201 685 1314 741 ridetur
1337 683 1375 741 ad
1396 684 1478 741 litem
1500 682 1537 741 de
1550 682 1732 755 ‹qnaagirmrs
1746 682 1975 740 diiudicandam.
2009 682 2122 753 Quodsi

1201 786 1345 858 epistulae
1376 785 1415 843 ad
1441 785 1525 843 Fam.
1557 801 1592 842 er·
1619 785 1750 856 reliquits
1776 786 1920 843 maiorum
1944 785 2122 843 voluminum

1200 896 1355 946 manarunt
1376 914 1419 924 -
1440 896 1473 944 nt
1496 887 1565 943 milri
1588 887 1705 959 quidem
1727 888 1984 959 persuasissimum
2008 896 2053 945 est
2066 915 2118 953 -,

1200 992 1330 1063 intellegi
1363 990 1479 1062 nequit,
1521 1006 1579 1061 qua
1609 989 1724 1047 tatione
1758 990 1884 1061 quinquo
1917 989 2033 1048 litterae
2069 984 2120 1060 (ad

1199 1094 1281 1151 Fam.
1316 1093 1393 1163 XIII,
1431 1088 1568 1160 to—ta)
1603 1091 1632 1148 in
1665 1091 1718 1147 bas
1749 1092 1936 1162 migraverint
1969 1098 1997 1148 et
2033 1107 2117 1149 suant

1199 1197 1349 1267 regionem
1362 1196 1446 1265 quasi
1458 1194 1636 1265 reliquerint,
1660 1209 1725 1249 cum
1739 1193 1883 1263 epistulae
1897 1193 1936 1251 ad
1946 1194 1986 1251 bl.
1995 1194 2117 1251 Brutum

1199 1297 1286 1356 datae
1309 1297 1451 1368 peculiari
1472 1295 1619 1352 volrunine
1638 1296 1813 1352 coniunctae
1831 1311 1934 1366 perse
1953 1304 2076 1359 starent,
2096 1296 2120 1351 si

1198 1399 1315 1471 quidem
1338 1398 1494 1469 germinum
1517 1396 1572 1453 boc
1597 1402 1627 1453 et
1649 1412 1706 1452 non
1731 1398 1901 1455 ottrentitum
1919 1415 2120 1470 praeoccupa·

1198 1518 1272 1559 mus
1322 1500 1407 1570 Quod
1445 1509 1543 1558 autem
1571 1490 1783 1566 Ilermannus2)
1818 1507 1947 1558 autunrat
1985 1501 2119 1559 consulto

1198 1604 1292 1675 deque
1317 1603 1460 1660 industria
1483 1603 1548 1659 illas
1571 1602 1719 1659 sclunctas
1743 1616 1810 1657 esse
1839 1599 1875 1657 ab
1906 1600 1962 1658 boc
1994 1620 2118 1674 corpore

1196 1713 1228 1764 ut
1250 1707 1351 1764 inanes
1375 1712 1404 1763 ct
1431 1705 1544 1763 telonus
1573 1704 1714 1775 epistulas
1744 1702 2021 1773 commendaticias,
2052 1722 2117 1762 ntea

1196 1810 1259 1866 iure
1283 1824 1425 1880 qmmrcre
1448 1807 1548 1875 velim,
1577 1823 1630 1863 crtr
1652 1822 1688 1863 ex
1709 1805 1839 1863 llrutitris
1863 1805 1995 1876 epistulis
2018 1805 2073 1876 IIp.
2099 1805 2117 1861 7

1197 1920 1227 1969 ct
1250 1912 1269 1969 8
1292 1927 1351 1968 uon
1374 1926 1467 1981 aerpre
1491 1914 1579 1981 atque
1602 1909 1669 1967 illae
1693 1909 1736 1966 eis
1759 1909 1888 1967 insertae
1913 1908 1983 1977 sint,
2013 1908 2117 1980 quibus

1195 2014 1322 2072 leviores
1347 2022 1375 2071 et
1404 2014 1576 2071 minutiores
1600 2012 1724 2083 cogitari
1746 2020 1870 2083 possunt
1892 2012 2000 2070 nullae.
2043 2011 2120 2083 Quid

1197 2118 1305 2188 plura?
1349 2115 1559 2188 Expediendns
1589 2115 1665 2173 enim
1694 2119 1740 2171 est
1763 2113 1858 2171 nodus
1880 2142 1923 2150 -
1951 2131 2016 2171 cum
2040 2114 2120 2171 aliud

223 2214 304 2274 foras
338 2215 402 2271 dati
431 2214 578 2286 lttdtlotlttl
610 2215 672 2270 silit*
702 2220 840 2284 respectu
869 2212 1025 2284 leandri&
1061 2226 1146 2281 ‹trab-
1170 2192 1174 2277 l
1196 2219 1358 2276 remedium
1380 2223 1501 2290 praesto
1525 2232 1584 2273 non
1607 2217 1644 2273 sit
1667 2216 1781 2287 -ita,
1804 2223 1835 2273 ut
1860 2222 2023 2273 statuamus
2046 2216 2118 2273 Bru·

224 2318 324 2387 mettii,
346 2332 539 2387 Personarum
566 2315 702 2386 denique.
748 2315 808 2372 8¹10
836 2315 899 2371 Iurt‘
928 2315 956 2370 ill
986 2313 1042 2371 ¹100
1072 2314 1146 2369 ΠΝ·-
1170 2280 1173 2385 l
1196 2322 1273 2379 titius
1298 2322 1450 2393 epistolar,
1474 2336 1549 2392 cquae
1573 2318 1657 2376 nobis
1681 2328 1846 2391 supersunt,
1872 2335 1888 2376 a
1911 2318 2032 2377 falsario
2050 2334 2117 2377 csse

224 2435 349 2483 tuanmrs
373 2417 507 2476 offendit:
532 2434 590 2489 qua
612 2418 726 2474 ratione
746 2424 843 2474 autem
863 2417 955 2487 ipsios
969 2416 1146 2472 sententiam
1171 2390 1173 2509 ἐ
1199 2424 1350 2481 confictas,

223 2523 249 2578 si
271 2520 493 2594 probaverimus
516 2520 590 2576 baec
613 2518 737 2575 offensio
760 2520 905 2576 removeri
922 2518 1027 2590 possit,
1051 2533 1145 2588 neque
1171 2520 1173 2533 '

224 2624 288 2695 ipse
316 2622 416 2681 docuit
445 2637 539 2692 neque
571 2619 672 2678 doceri
699 2636 788 2691 posse
813 2638 932 2678 censeo.
977 2619 1026 2677 blo
1049 2619 1145 2675 iudice

222 2726 304 2783 nullo
328 2724 386 2783 alio
411 2723 498 2781 modo
522 2722 624 2780 erbis
649 2723 788 2793 seopulis,
817 2728 849 2780 ut
871 2722 911 2780 ita
935 2721 1047 2792 (bearn,
1077 2737 1146 2777 ena-

222 2825 385 2898 vigabirmrs
414 2824 470 2882 nisi
499 2830 530 2882 ut
557 2824 773 2895 neglegentiam
801 2824 838 2883 ab
867 2822 1001 2881 omnibus
1024 2839 1146 2880 conces·

224 2944 287 2986 sam
318 2926 401 2999 quasi
430 2926 547 2984 cuidam
575 2925 753 2997 excerpendi
787 2933 910 2984 naturae
942 2925 1145 2984 attribuamus.

223 3028 285 3088 Sed
318 3028 374 3085 boc
406 3025 535 3087 fortasse
568 3029 676 3086 levius:
712 3044 748 3086 en
782 3029 898 3100 graevius
933 3033 1145 3099 argrrmentmn.

224 3129 308 3189 Unde
336 3130 383 3202 lit,
419 3136 451 3187 ut
479 3131 620 3202 epistulas
649 3129 688 3189 ad
716 3129 799 3187 Fam.
824 3130 899 3188 Gelli
923 3129 1040 3188 demum
1062 3136 1146 3187 aetas

223 3233 317 3304 ”Ofili
348 3232 461 3289 mailli&
484 3240 581 3290 stulssffl
604 3232 654 3289 IIII
676 3232 824 3290 illumina
844 3232 904 3290 5³¹ss
927 3247 944 3290 ss
967 3230 1145 3302 Quintiliani)
1170 3240 1173 3281 ¹
1197 3243 1235 3301 ad
1248 3258 1334 3315 quem
1345 3240 1459 3298 litteras
1472 3239 1584 3309 claraus,
1605 3243 1633 3295 et
1653 3235 1849 3307 adiunguntur
1861 3237 1959 3308 etiam,
1975 3244 2006 3293 nt
2019 3237 2116 3307 siugu-

224 3335 347 3406 aliisqae
376 3335 461 3406 primi
492 3335 603 3407 saeculi
631 3334 699 3391 vitis
731 3333 828 3391 doctis
858 3333 1146 3392 commemorentur?

223 3438 289 3495 Hoc
312 3444 393 3495 certe
417 3453 476 3493 non
498 3437 642 3507 itaesset,
666 3438 721 3493 nisi
743 3436 818 3494 haec
842 3442 909 3494 ante
930 3436 997 3493 illas
1021 3435 1147 3492 collecta

222 3545 334 3597 essent.
380 3538 514 3610 Accedit,
538 3537 617 3610 quod
641 3538 717 3595 Gelli
740 3537 921 3610 temporibus
945 3536 1073 3595 studium
1096 3552 1145 3593 ex-

222 3639 366 3713 cerpendi
387 3646 418 3698 et
439 3639 588 3697 delibandi
607 3640 732 3697 maximo
750 3655 840 3711 opere
853 3634 1016 3709 florebat.¹)
1039 3637 1146 3695 Porro·

226 3744 304 3800 iuter
332 3741 474 3814 epistulas
504 3740 542 3800 ad
568 3741 651 3798 Fam.
676 3742 756 3799 nulla
782 3742 929 3798 invenitur
957 3740 995 3798 ad
1016 3740 1145 3797 Atticum

223 3843 310 3914 data,
339 3843 419 3900 nulla
440 3842 478 3899 ad
500 3843 638 3913 Quintum
661 3840 793 3914 fratrem,
816 3850 848 3899 ut
872 3841 1064 3900 dubitandum
1087 3856 1146 3897 non

223 3945 277 4017 sit,
307 3944 376 4016 quin
401 3943 457 4001 bae
485 3944 515 4000 in
544 3960 632 4002 uuum
661 3959 767 4017 corpus
796 3950 949 4002 coartatae.
972 3944 1030 4000 siut
1051 3943 1094 4000 ita
1115 3950 1148 4000 ut

223 4046 341 4106 illarum
363 4045 440 4104 ratio
462 4045 502 4103 sit
523 4038 660 4116 habita.²)
703 4045 838 4119 Denique
867 4061 922 4117 per
949 4061 1021 4104 sane
1043 4044 1147 4102 mirum

224 4149 313 4223 foret,
335 4148 366 4206 id
388 4146 468 4220 quod
490 4162 526 4205 ex
547 4146 723 4207 Bueelrelcri
744 4147 854 4207 scholis
877 4147 1055 4206 academicis
1078 4145 1148 4205 addi

224 4252 329 4323 liceat,
369 4251 394 4308 si
432 4249 545 4307 maiora
578 4249 770 4321 epistularum
802 4250 950 4309 volumina
981 4256 1146 4321 temporum

148 4378 152 4389 ·
224 4353 332 4411 iniuria
352 4352 536 4423 ‹lettorasseq
557 4350 614 4410 hae
638 4360 737 4411 autem
760 4358 828 4410 aute
851 4352 902 4409 illa
925 4357 1008 4409 ortae
1033 4349 1070 4407 ad
1093 4366 1145 4407 no·

224 4461 319 4513 strum
341 4460 456 4526 tempus
480 4450 695 4519 mansissent)

295 4783 315 4849 ¹)
335 4783 369 4836 cl.
383 4784 419 4836 bl.
430 4783 514 4836 llertz
534 4784 744 4850 „ltenaissancc
762 4784 818 4839 und
832 4784 946 4839 Rocoeo
963 4783 993 4837 irr
1012 4783 1061 4836 der
1078 4787 1145 4835 rom.

226 4867 397 4924 Litteratur“
415 4884 441 4934 p.
459 4869 571 4922 sa-ss.

294 4952 316 5020 ¹)
334 4952 395 5007 Iioe
413 4953 502 5019 magis
521 4952 698 5008 confirmatur
716 4969 798 5022 quam
816 4952 951 5008 refrrtatur
959 4953 1012 5021 Ep.
1023 4952 1058 5005 ad
1067 4951 1144 5005 Fam.

210 5039 300 5106 vm,
319 5038 352 5090 ts
369 5043 398 5091 et
415 5034 462 5104 trt,
482 5037 514 5090 14
533 5036 641 5090 collatis
661 5053 722 5091 eum
742 5037 777 5092 ad
794 5039 849 5092 att.
869 5038 901 5101 tt,
919 5041 937 5093 9
954 5045 981 5092 et
999 5036 1069 5101 xlv,
1091 5039 1130 5090 tt.

294 5122 316 5189 ³)
335 5121 388 5177 Ubi
406 5130 462 5175 tarn
481 5121 584 5175 aeriter
600 5122 630 5174 in
647 5129 791 5189 utramque
809 5129 1077 5190 portempuguatnm
1096 5128 1148 5187 est,

223 5206 311 5260 etiam
333 5210 495 5275 argumenta
517 5220 552 5260 cx
573 5218 638 5258 vera
661 5206 767 5259 ratione
794 5219 858 5258 vere
885 5206 1004 5273 repetita
1030 5203 1149 5273 proferri

222 5295 257 5343 et
273 5299 392 5357 possunt
410 5297 438 5347 et
456 5288 584 5350 debent„

1283 2526 1345 2583 Iam
1378 2542 1448 2583 vcro
1486 2525 1640 2596 quominus
1674 2528 1768 2581 totam
1807 2521 1881 2578 lranc
1916 2524 2119 2592 quaestionem

1198 2628 1424 2699 concludamus,
1455 2645 1543 2684 unum
1566 2626 1685 2697 obstat,¹
1711 2623 1790 2696 quod
1813 2642 1872 2681 non
1894 2624 2011 2681 silentio
2033 2640 2120 2697 prae·

1198 2730 1407 2788 tervelrcndum
1430 2729 1500 2786 milri
1522 2744 1589 2786 esse
1613 2727 1742 2797 videtur,
1770 2742 1836 2783 cum
1865 2727 2040 2797 praesertim
2068 2743 2119 2785 ne-

1197 2832 1313 2890 modum
1326 2834 1356 2889 in
1367 2832 1443 2890 hane
1455 2846 1517 2888 rem
1530 2828 1720 2901 inquisiverit,
1738 2826 1804 2884 dico
1819 2827 2021 2895 allocutiones,
2045 2845 2116 2897 qua

1196 2935 1332 2992 lessam
1358 2926 1483 3007 ,Ilurte“
1509 2932 1555 2989 vel
1586 2931 1642 3002 „mi
1665 2922 1788 2986 llrute“.
1833 2928 1973 2985 Nimirum
2002 2928 2058 2986 bae
2088 2928 2117 2985 in

1197 3054 1319 3095 numero
1342 3035 1608 3094 blandbnentorum
1632 3037 1700 3089 srrnt
1727 3030 1901 3089 referendae
1932 3046 2027 3102 eoque
2055 3048 2117 3089 ere-

1197 3141 1310 3197 briores
1334 3144 1409 3211 suut,
1433 3153 1491 3208 quo
1515 3136 1733 3193 coniunctiores
1762 3150 1817 3191 nos
1846 3151 1912 3191 cum
1942 3150 1978 3192 eo
2009 3151 2117 3199 sumus,

1196 3346 1266 3403 laris
1290 3360 1373 3401 antor
1388 3340 1543 3412 iudicet-ur,
1568 3331 1778 3411 „suavissime“
1805 3339 1850 3395 vel
1869 3330 2058 3410 ,carissiure“
2073 3337 2116 3396 id-

1199 3463 1254 3517 que
1278 3462 1369 3517 genus
1393 3444 1449 3501 alia
1474 3442 1628 3501 adicer-ira.
1657 3439 1695 3499 ef.
1720 3458 1746 3498 c.
1771 3459 1798 3513 g.
1823 3440 1861 3497 ad
1884 3442 1918 3511 Q.
1942 3439 1975 3497 fr.
2000 3440 2026 3497 ll
2052 3441 2117 3511 ι’),4

1199 3548 1258 3620 „nri
1279 3547 1430 3605 carissime
1455 3552 1483 3602 et
1506 3543 1679 3601 suavissime
1703 3536 1824 3613 frater·“‚
1848 3541 1886 3600 ad
1907 3542 1990 3601 Fam.
2002 3544 2044 3601 XI
2067 3543 2117 3611 at,

1199 3650 1216 3706 3
1243 3651 1303 3721 ,mi
1325 3648 1434 3721 optime
1458 3647 1585 3719 mihique
1599 3638 1884 3703 carissirnellr·rrte“.
1919 3646 2043 3703 Omnino
2067 3660 2118 3701 au-

1197 3761 1258 3812 tem
1280 3750 1438 3809 tenendum
1462 3756 1508 3807 est
1529 3748 1689 3820 RoutanoS,
1713 3764 1771 3821 qua
1793 3755 1877 3805 erant
1900 3756 2005 3805 natura
2029 3752 2117 3820 atque

1197 3855 1310 3927 Indole,
1340 3852 1455 3911 modice
1479 3857 1566 3923 atque
1589 3850 1742 3908 moderate.
1764 3849 1807 3906 eIs
1838 3864 1908 3906 usos
1939 3866 2019 3921 esse,
2052 3866 2118 3907 eum

1198 3975 1252 4017 nos
1275 3956 1394 4027 saepius
1415 3955 1524 4011 iustum
1547 3951 1667 4009 modurn
1688 3951 1718 4007 iu
1740 3951 1797 4008 bac
1819 3968 1851 4009 re
1875 3951 2062 4009 excedamus

1284 4057 1344 4117 Sed
1366 4063 1399 4115 ut
1417 4055 1613 4127 intellegatur,
1636 4069 1723 4126 qoam
1746 4053 1803 4111 vim
1825 4052 1954 4111 babeant
1976 4051 2032 4110 bac
2045 4053 2118 4110 allo-

1198 4162 1332 4221 cutiones
1356 4157 1395 4217 ad
1414 4157 1598 4229 propositam
1621 4154 1824 4227 quaestionem
1843 4160 1924 4211 recte
1937 4154 2117 4223 solvendam,

1199 4279 1318 4333 ornnes,
1349 4275 1423 4331 cquae
1453 4259 1483 4315 in
1506 4257 1639 4329 epistulis
1667 4257 1864 4329 Inveniuntur,
1892 4272 2064 4327 comparare
2089 4262 2120 4314 et

1199 4365 1252 4423 sub
1276 4363 1448 4434 adspectum
1471 4358 1605 4416 subicere
1630 4357 1863 4416 necessebabui.
1897 4358 2118 4430 Legatisigitur

1199 4474 1229 4525 et
1252 4470 1349 4523 vestro
1372 4461 1480 4520 iudicio
1505 4461 1600 4519 stetis.

1270 5032 1288 5099 ¹)
1309 5031 1410 5086 Fusius
1430 5031 1513 5085 etita
1532 5036 1561 5086 ut
1580 5030 1734 5085 coniecerit
1751 5030 1822 5083 hanc
1841 5042 1900 5083 reru
1921 5026 2000 5083 b'alre
2019 5028 2048 5081 in
2066 5028 2083 5080 l.
2102 5028 2121 5080 l.

1198 5117 1390 5188 pertractarit,
1418 5116 1464 5184 qui
1485 5117 1568 5170 etiam
1594 5117 1780 5170 Hotmarmuur
1807 5128 1890 5168 aecus
1917 5102 2121 5167 extatiura'rrtem

1200 5201 1341 5259 refutasse
1359 5201 1426 5255 milri
1442 5199 1550 5255 ridetur
1567 5201 1605 5270 (p.
1622 5203 1726 5254 41-42
1745 5215 1767 5253 s.
1785 5198 1939 5265 Addenda).

1269 5284 1426 5355 ³)„Abbdl
1445 5284 1496 5340 der
1512 5287 1605 5354 eatae.
1624 5287 1688 5342 Ges.
1708 5284 1733 5340 d.
1751 5285 1855 5341 ll'Iss.“
1872 5284 1907 5350 tt,
1926 5300 1951 5352 p.
1972 5284 2028 5336 188.
